1803 3276
222 229 298 264 130
650 240 682 264 s.
720 238 947 265 Atctffluu
984 239 1162 267 eviscovi

218 304 271 347 :id
305 304 461 347 ostium
482 339 491 357 ‚
531 313 573 347 et
611 302 803 348 custodia
839 303 1017 362 ponitur
1047 303 1231 348 militum
1255 304 1298 357 in
1321 305 1528 361 circuitu,
1556 316 1600 350 ut

216 384 432 435 quantum
466 374 621 419 fortius
653 384 861 427 servatur,
887 390 942 418 ne
974 373 1107 421 furari
1139 375 1296 434 possit,
1324 384 1444 419 tanto
1465 377 1601 435 ‚magis

214 446 348 490 virtus
383 446 457 490 Dei
489 455 696 506 appareat
726 461 827 491 eum
850 446 1095 489 resurrexit.
1130 446 1172 491 si
1204 446 1319 490 enim
1349 446 1598 506 sepulcrum

211 516 384 572 suisset,
417 516 560 561 dicere
601 526 825 576 poterant:
863 515 1149 562 Suss‘oderunt
1182 527 1362 572 terram,
1393 527 1436 562 et
1467 516 1597 563 furati

208 598 311 632 sunt
333 604 450 633 eum.
490 589 531 634 Si
565 587 711 633 suisset
743 587 850 647 lapis
882 586 1087 647 parvulus
1118 588 1307 647 posituS‚
1342 586 1485 632 dicere
1517 604 1598 649 po·-

215 669 353 703 terant
377 680 384 704 2
421 660 630 704 Parvulas
664 658 769 718 lapis
802 657 916 712 suit,
943 666 986 701 et
1017 656 1333 703 dormientibus
1356 659 1506 715 nobis,
1534 669 1600 703 tu-

212 731 357 775 lerunt
381 746 495 774 eum.
524 731 720 790 Denique
756 731 796 773 in
829 730 1068 788 Evangelio
1099 718 1204 789 quid
1237 730 1445 789 seriptum
1477 733 1599 776 esst?

213 826 225 837 μ
267 803 515 855 Yenerunt,
550 800 717 861 inquit,
745 799 825 844 alia
857 797 926 844 die
951 800 1110 844 Scriba}
1133 809 1176 844 et
1210 801 1412 846 Pharisaei
1443 811 1486 845 et
1519 804 1597 848 Sa-

212 890 231 911 »
268 871 464 916 cerdotes
498 871 551 915 ad
587 871 795 926 Pilatum,
822 881 863 915 et
888 870 1090 916 dixerunt
1113 871 1150 915 ei
1177 891 1185 916 2
1214 871 1395 916 Domine
1412 907 1422 927 ‚
1447 887 1598 931 magus

214 961 233 984 »
270 942 342 987 ille
373 943 548 988 dicebat
580 943 788 1003 quoniam
823 952 1141 988 resurrecturus
1173 952 1264 999 est,
1302 958 1357 988 ne
1389 959 1492 1003 ergo
1524 960 1599 991 ve-

211 1030 230 1054 »
267 1013 389 1058 niant
423 1014 631 1074 Discipuli
653 1015 744 1074 ejus
776 1023 820 1058 et
850 1012 1053 1058 furentur
1084 1029 1210 1069 eum,
1237 1023 1282 1059 et
1307 1012 1484 1060 dicant:
1509 1018 1598 1059 Re-

210 1102 229 1126 »
265 1086 470 1140 surrexit,
506 1095 549 1129 et
581 1086 701 1144 pejor
725 1100 843 1129 error
871 1085 945 1129 fiat
966 1100 1099 1145 quam
1121 1083 1260 1129 factus
1283 1093 1368 1139 est,
1394 1084 1450 1131 da
1473 1086 1599 1132 nobis

210 1174 230 1197 >›
266 1157 343 1216 qui
375 1173 474 1200 eum
507 1155 781 1211 custodiant,
817 1172 871 1200 ne
903 1172 1004 1201 eum
1036 1156 1255 1201 furentur.
1301 1159 1358 1201 Et
1388 1156 1496 1201 dixit
1528 1158 1600 1202 Pi-

211 1245 230 1268 »
267 1230 410 1272 latus:
439 1227 618 1272 Habetis
648 1227 918 1285 custodiam3
952 1227 1035 1282 ite,
1072 1227 1200 1271 facite
1241 1227 1466 1288 quomodo
1498 1229 1599 1274 vul-

211 1316 230 1338 »
266 1298 318 1342 tis
335 1302 414 1353 (a).
444 1315 463 1338 »
491 1297 721 1356 Diligentia
742 1298 993 1343 Scribarum
1015 1307 1060 1342 et
1081 1298 1273 1343 hostium
1297 1297 1474 1358 prodest
1498 1298 1600 1344 fidei

203 1377 380 1413 nostrae.
420 1371 618 1423 Servate,
661 1369 893 1424 Pharisaei,
937 1377 1132 1427 servate3
1162 1372 1277 1415 Deus
1307 1368 1474 1415 includi
1512 1386 1599 1415 non

205 1449 375 1500 potest3
414 1442 528 1483 Deus
566 1440 612 1483 in
649 1440 849 1500 sepulcro
878 1441 1015 1485 teneri
1056 1456 1146 1486 non
1179 1449 1350 1500 potest,
1387 1441 1464 1501 qui
1496 1440 1601 1487 fecit

206 1514 367 1555 coelum
386 1520 429 1555 et
453 1520 631 1566 terram,
652 1512 775 1571 cujus
798 1511 843 1555 in
861 1511 1027 1571 pugillo
1044 1520 1156 1557 terra
1171 1521 1234 1556 est
1256 1520 1299 1556 et
1314 1511 1480 1563 coelum
1495 1548 1506 1567 ‚
1523 1513 1601 1574 qui

205 1583 424 1641 appendet
455 1582 671 1627 mundum
703 1582 748 1627 in
782 1582 921 1626 tribus
942 1582 1088 1641 digitis
1115 1601 1124 1629 z
1149 1582 1226 1643 qui
1255 1598 1358 1642 ergo
1380 1583 1600 1643 appendet

204 1654 443 1709 mundum,
469 1670 559 1699 uno
581 1653 781 1715 sepulcro
805 1671 893 1699 non
911 1664 1055 1715 potest
1077 1654 1307 1701 contineri.

264 1728 345 1768 III.
373 1726 571 1786 Denique
592 1725 817 1781 mulieres,
841 1726 976 1771 Maria
998 1726 1278 1785 Magdalene‚
1300 1736 1344 1772 et
1363 1727 1499 1774 Maria
1521 1730 1598 1773 Ja-

205 1796 329 1851 cobi‚
365 1805 408 1840 et
440 1797 602 1856 Joseph
634 1806 788 1852 mater,
824 1797 894 1857 pia
926 1798 1105 1858 quidem
1136 1797 1388 1854 voluntate,
1424 1799 1500 1844 sed
1530 1815 1599 1843 er-

204 1877 373 1923 rantes,
401 1869 634 1913 Dominum
668 1869 928 1929 quaerebant
958 1869 1004 1912 in
1035 1868 1249 1929 sepulcro.
1288 1871 1469 1930 Recepit
1496 1872 1597 1933 qui-

202 1939 301 1983 dem
324 1939 597 1984 voluntatem
616 1975 626 1994 ‚
653 1938 729 1984 sed
760 1955 950 1984 errorem
982 1941 1139 1999 arguit.
1176 1940 1369 2000 Angelus
1400 1941 1495 1998 ille,
1521 1943 1596 2003 qui

202 2010 454 2055 revolvebat
484 2009 674 2070 lapidem
692 2046 702 2066 ,
728 2010 909 2056 sedebat
930 2027 1061 2071 super
1081 2010 1288 2071 lapidem.
1314 2015 1371 2057 Et
1393 2013 1503 2074 quid
1523 2029 1597 2059 os·-

205 2081 449 2127 tendebat?
488 2082 614 2141 Lapis
648 2082 726 2126 iste
745 2117 756 2137 ,
792 2083 863 2126 cui
895 2097 975 2140 ego
1006 2082 1289 2143 supersedeo,
1331 2099 1421 2130 non
1453 2093 1597 2144 potest

202 2153 426 2199 includere
458 2155 695 2199 Dominum
727 2169 898 2210 meum,
924 2170 1025 2199 eum
1055 2164 1280 2215 prematur
1303 2171 1325 2200 a
1348 2171 1471 2202 servo
1493 2172 1596 2215 suo3

206 2225 313 2286 lapis
337 2241 439 2284 ergo
468 2225 540 2269 ille
572 2242 661 2270 non
693 2226 836 2286 potuit
867 2224 1091 2271 includere
1122 2230 1287 2272 Jcsum,
1319 2229 1376 2272 Et
1405 2227 1512 2273 dicit
1543 2229 1599 2273 nd

203 2296 427 2352 mulieres,
463 2313 563 2358 quae
594 2306 805 2341 venerant
836 2296 892 2342 ad
923 2299 1213 2359 quaerendum
1245 2314 1376 2345 eum:
1407 2319 1426 2343 «
1447 2302 1599 2345 Jesum

210 2388 230 2412 »
267 2370 459 2430 quaeritis
474 2405 484 2424 ,
504 2385 593 2414 non
615 2378 679 2414 est
698 2362 863 2427 l1ic(b).
882 2388 902 2411 »
926 2370 1011 2415 Ubi
1033 2372 1121 2415 est?
1140 2373 1191 2415 In
1205 2370 1347 2416 coelo?
1365 2369 1486 2416 Ultra
1503 2387 1598 2416 eoe-

198 2440 262 2486 los
285 2450 362 2485 cst.
391 2443 442 2484 In
475 2442 620 2485 terra?
645 2439 766 2486 Ultra
790 2449 950 2485 terram
970 2450 1048 2486 est.
1076 2441 1353 2503 Ubicumque
1374 2441 1563 2488 volueris
1579 2478 1590 2498 ,

249 2538 295 2579 (a)
312 2537 424 2569 Manli.
448 2547 534 2568 xxvii
548 2561 556 2577 ‚
571 2536 693 2569 02-65.
712 2554 753 2559 —-
771 2536 815 2579 (b)
835 2538 880 2571 Id.
902 2549 1018 2579 xxviii,
1036 2538 1068 2569 6.

249 2614 257 2630 ¹
270 2608 348 2641 Vide
365 2609 466 2640 Serm.
488 2617 574 2645 xuv,
590 2618 618 2638 n.
642 2618 672 2648 7.
