1803 3276
315 193 399 230 306
712 201 744 228 s.
781 200 1011 230 AUGUSTIM
1043 202 1222 230 EPISCOPI

311 269 466 329 utique
483 268 528 312 in
547 269 675 312 unius
692 269 835 313 anima
852 277 1019 313 mentes
1037 266 1167 312 fuisse
1189 276 1466 312 cunctorum.
1482 269 1701 312 Accensus

308 355 413 399 ergo
436 357 483 384 ac
506 337 656 385 furens
678 350 892 399 tyrannus
921 338 1141 385 abscindi¹
1171 339 1367 398 linguam
1391 337 1612 399 loquentis
1628 340 1702 400 ju-

306 411 398 455 bet.
424 412 462 456 Ο
487 412 771 458 saevissimum
788 411 1108 457 incredulitatis
1134 410 1368 456 artificem!
1391 410 1605 470 Linguam
1624 409 1703 456 tol-

303 482 393 527 lcrc
422 484 601 545 jubet·³,
640 495 690 529 ut
732 484 1053 529 confessionem
1088 483 1244 544 possit3
1277 481 1477 541 auterre,
1508 482 1703 527 nesciens

308 553 591 600 devotionem
614 565 658 599 ct
680 554 815 600 fidem
837 572 926 600 non
944 565 1032 602 tarn
1049 554 1302 614 linguarum
1323 569 1413 598 esse
1435 569 1569 614 quam
1601 569 1703 598 sen-

309 642 453 670 suuni.
484 630 636 688 ltaque
660 626 933 671 beatissimus
955 631 1149 684 Martyr,
1187 625 1353 669 etiamsi
1378 624 1590 670 damnum
1612 641 1703 670 ser-

312 698 450 742 monis
470 696 673 758 pertulit,
697 697 799 742 fidei
826 707 974 743 tamen
1000 698 1159 743 damna
1182 713 1272 742 non
1293 697 1439 742 sensit.
1474 700 1560 743 Ore
1590 697 1705 743 enim

308 778 456 829 postea
482 768 642 824 tacuit,
668 767 745 812 sed
766 769 923 814 inentis
944 769 1234 814 constantiam
1256 768 1440 813 tenuit⁴.

367 841 443 884 IV.
479 839 566 884 Sed
587 855 873 901 properemus
902 839 958 886 ad
984 850 1178 886 creteros.
1216 843 1535 899 Interrogatus,
1559 840 1708 901 inquit

310 911 557 971 Scriptura,
591 910 832 967 secundus,
857 922 908 956 ut
942 911 1142 967 audistis,
1169 927 1193 955 a
1225 911 1578 971 persecutoribus
1614 930 1636 954 «
1663 910 1707 955 Si

307 1002 328 1025 n
364 984 650 1029 manducaret
683 1001 833 1030 earnes
863 985 1086 1045 porcinas,
1113 983 1366 1044 respondit:
1397 986 1497 1030 Non
1530 981 1702 1030 faciani.

306 1073 328 1097 »
363 1058 548 1115 Propter
568 1057 685 1117 quod
715 1056 854 1117 ipse⁵,
881 1057 1047 1118 inquit,
1082 1056 1288 1117 sequenti
1317 1054 1437 1111 loeo,
1459 1054 1589 1115 primi
1610 1063 1705 1099 tor-

306 1145 328 1169 »
363 1137 510 1172 menta
545 1128 736 1187 suscepit
747 1131 830 1186 (a).
873 1146 895 1170 >i
934 1130 1051 1172 Bene
1089 1144 1191 1173 eum
1229 1126 1424 1172 seeundo
1461 1136 1608 1172 aetum
1644 1134 1709 1171 est

305 1198 555 1260 {equalitate
573 1199 795 1259 supplicii,
817 1209 867 1244 ut
884 1215 1017 1260 quem
1034 1199 1187 1259 majori
1210 1197 1334 1242 fratri
1355 1198 1561 1259 aequabat
1580 1197 1705 1253 fides,

307 1279 506 1331 aequaret
529 1280 573 1315 et
593 1270 756 1330 passio,
781 1286 830 1315 ac
863 1270 971 1327 siess,
1004 1269 1107 1315 lieet
1128 1269 1348 1314 secundus
1363 1278 1474 1314 esset
1502 1267 1711 1313 nascendi

309 1340 484 1398 ordine,
511 1350 554 1385 et
586 1341 677 1402 ipse
699 1351 846 1387 tamen
875 1342 1046 1402 primus
1067 1357 1305 1402 poenarum
1330 1341 1455 1385 fieret
1476 1339 1705 1398 dignitate.

311 1433 334 1456 α
369 1417 471 1458 Post
492 1413 634 1469 hunc,
660 1414 806 1475 inquit
834 1414 1082 1474 Scriptura,
1107 1414 1262 1458 tertius
1291 1409 1653 1470 illtidebatur(b).
1685 1429 1706 1453 »

310 1484 498 1530 Pulchre
515 1501 657 1530 sermo
681 1485 854 1538 divinus
876 1484 1050 1530 insidias
1081 1485 1318 1541 daemonis,
1343 1484 1480 1530 verbo
1507 1484 1711 1531 ludifica-

309 1556 438 1602 tionis
467 1557 696 1618 expressit,
720 1558 823 1620 quia
853 1573 1024 1618 semper
1048 1556 1225 1614 artifex,
1250 1573 1361 1619 quos
1394 1572 1486 1601 non
1517 1557 1712 1617 potuerit

307 1629 515 1674 violentia
535 1629 727 1686 vincere,
753 1630 912 1692 quaerit
934 1630 1089 1675 saltem
1107 1629 1311 1675 illusione
1333 1645 1553 1690 superare.
1573 1632 1712 1683 Quar-

308 1710 377 1746 tus
400 1711 547 1746 autem
573 1718 677 1747 cum
698 1711 1001 1764 torqueretur,
1026 1704 1241 1748 truncatis
1254 1703 1347 1763 jam
1369 1718 1484 1763 pene
1502 1700 1710 1749 omnibus

308 1773 537 1829 membris,
563 1773 677 1818 inter
698 1772 859 1819 damna
878 1775 1094 1834 corporis,
1119 1773 1223 1818 fidei
1246 1775 1423 1819 tamen⁷
1441 1772 1603 1818 damna
1619 1789 1712 1818 non

310 1845 500 1889 sentiens
519 1865 528 1890 :
551 1865 572 1888 «
592 1848 628 1889 E
650 1844 807 1902 coelog,
825 1846 985 1907 inquit,
1005 1847 1087 1892 ista
1114 1844 1315 1907 possideo
1328 1847 1403 1905 (e).
1435 1865 1453 1888 »
1472 1847 1510 1890 Ο
1525 1844 1711 1907 praeela-

310 1933 403 1961 ram
424 1917 630 1975 Martyris
650 1916 808 1962 fidem9
821 1954 832 1974 ,
851 1918 928 1980 qui
950 1918 1073 1979 quod
1094 1918 1324 1963 amittebat
1339 1918 1386 1962 in
1407 1927 1545 1975 terra,
1571 1918 1712 1979 possi-

310 1989 414 2033 dere
450 2006 494 2035 se
528 1990 772 2035 testabatur
815 1990 863 2034 in
907 1990 1048 2036 coelo!
1089 1991 1246 2036 Merito
1297 2005 1398 2048 ergo
1437 1989 1711 2036 detrimentis

312 2061 614 2107 membrorum
638 2078 729 2107 non
751 2061 1063 2121 angebaturffl,
1088 2062 1160 2107 eui
1181 2061 1307 2123 quasi
1324 2062 1372 2106 in
1388 2061 1563 2107 lucrum
1586 2060 1712 2107 dam-

312 2149 420 2178 num
443 2133 699 2192 cedebat113
730 2149 832 2178 eum
851 2134 1030 2195 utique,
1054 2133 1272 2196 quidquid
1290 2132 1587 2194 temporaliter
1607 2143 1718 2195 per-'

359 2231 405 2274 (a)
424 2241 443 2265 2
461 2232 566 2266 Maeli.
590 2243 648 2275 vn,
666 2231 698 2264 ὃ.
715 2249 759 2254 —
771 2231 814 2273 (b)
832 2232 914 2264 Ibid.
939 2243 991 2265 10.
1019 2250 1062 2255 --
1078 2231 1123 2273 (c)
1139 2232 1222 2265 Ibid.
1247 2243 1298 2264 11.

361 2310 369 2326 ¹
387 2304 465 2335 Cod.
488 2301 631 2335 abscidi.
651 2304 752 2335 Unum
774 2307 809 2335 et
828 2301 964 2335 alterum
981 2302 1167 2336 indistincte
1183 2304 1348 2347 pertinent
1363 2304 1403 2336 ad
1418 2314 1533 2347 purum
1549 2302 1649 2335 latine
1659 2301 1710 2334 lo-

312 2360 431 2404 quendi
455 2359 600 2392 modum.
632 2376 674 2381 --
699 2366 713 2381 ²
733 2359 817 2391 Edit.
846 2359 997 2404 linguam
1026 2359 1137 2393 voluit
1152 2361 1285 2393 tollere.
1306 2378 1356 2394 —-.
1369 2359 1383 2384 3
1402 2361 1481 2394 Cod.
1502 2360 1606 2393 minus
1626 2359 1710 2392 bene

307 2423 438 2459 posset.
465 2433 507 2438 -—
530 2413 546 2445 4
576 2415 659 2447 Edit.
686 2427 820 2461 semper
842 2423 955 2448 tamen
980 2425 1090 2450 mente
1114 2417 1287 2457 clamavit.
1310 2435 1353 2441 —-
1371 2416 1388 2441 5
1410 2418 1494 2451 Edit.
1514 2425 1550 2452 et
1564 2419 1638 2450 iste.
1666 2435 1710 2440 —

313 2471 329 2495 6
352 2473 408 2506 St‘c
422 2473 515 2505 deest
536 2473 568 2503 in
585 2473 668 2505 Edit.
697 2491 738 2496 ——
757 2482 770 2507 7
797 2476 866 2506 Vox
885 2483 998 2507 tamen
1023 2474 1056 2506 in
1075 2474 1160 2506 Edit.
1181 2475 1395 2508 desideratur.
1415 2491 1457 2497 --
1479 2472 1494 2497 8
1520 2474 1606 2508 Edit.
1626 2474 1709 2507 male

312 2529 347 2562 in
362 2529 460 2562 coelo.
481 2547 522 2552 --
535 2538 549 2561 9
563 2529 647 2561 Edit.
665 2531 694 2562 0
717 2530 898 2574 pneclara
917 2529 1265 2576 flIccrty‘l·isfitles.-
1277 2537 1307 2554 ¹0
1325 2531 1409 2564 Edit.
1428 2534 1463 2564 et
1482 2530 1563 2564 Cod.
1583 2530 1709 2575 ageba-

315 2592 394 2625 tm·,·
409 2585 577 2627 corrigitur
597 2597 635 2618 ex
654 2596 757 2618 sensu.
774 2592 834 2608 ——2
849 2592 855 2608 ¹
872 2587 948 2618 Cod.
965 2585 1158 2618 cedebatur.
