1803 3276
150 277 291 309 summ
313 279 466 310 vam.
501 280 547 311 nv
579 277 736 311 NATAm
769 279 984 311 ,marryms
1016 283 1235 314 vmcemu
1270 288 1317 313 ιι.
1354 273 1437 314 257

52 358 97 390 se
117 357 388 407 pugnantem
406 347 598 393 videbat.
624 347 739 393 Vicit
760 346 867 393 dum
883 346 1180 409 judicabatur,
1200 350 1303 411 quia
1321 350 1377 396 ab
1389 366 1442 396 eo

52 432 185 477 quem
208 419 521 474 confitebatur,
544 433 633 463 non
662 417 1006 479 relinquebatur.
1033 422 1329 481 Interrogatus
1353 437 1442 466 non

52 488 270 535 dubitavit
290 489 572 550 respondere,
607 488 727 550 quod
759 490 1065 550 quaerebatur,
1102 500 1145 535 et
1177 492 1296 536 auxit
1323 491 1442 536 unde

51 561 280 620 quaesitor¹
304 562 449 622 potius
473 561 744 606 irasceretur.
783 561 1077 607 Inflammavit
1111 561 1261 606 odium
1285 564 1444 623 juven-

50 632 155 676 tutis
165 634 198 688 ²,
223 641 274 677 ut
298 632 431 691 gloria
458 642 668 677 cresceret
700 633 960 677 confitentis.
984 632 1101 686 Quid
1131 634 1246 677 enim
1275 634 1445 678 timeret

50 703 305 748 Vincentius
332 703 507 748 ‚leonem
527 704 573 748 in
605 703 783 748 fremitu
808 704 1066 749 irascentem
1095 715 1138 750 et
1171 705 1441 765 rugientem,

51 774 153 834 quia
173 775 264 834 jam
291 793 310 816 «
336 773 452 819 leoni
483 774 537 819 de
569 775 688 819 tribu
715 775 827 820 Juda
842 778 912 835 (a)
937 795 956 816 n
981 775 1193 830 haerebat,
1219 775 1445 821 fortitudi-

50 860 151 888 nem
174 845 256 889 sibi
287 845 447 889 virium
482 846 761 890 ministranti.
796 849 893 891 ,lam
925 847 1072 908 itaque
1104 847 1286 908 sumptis
1319 847 1446 891 armis

50 916 210 961 Christi
231 916 438 972 invictus,
464 917 574 961 sicut
596 917 689 972 leo,
716 918 880 963 fidebat
916 919 1173 963 Vincentius
1206 927 1250 962 et
1282 917 1444 962 clama-

50 986 150 1032 bat:
170 991 346 1033 Mecum
369 988 561 1033 decertet
583 1005 753 1048 pugna,
775 989 809 1032 si
831 989 1039 1048 praevalet
1061 989 1326 1034 confidentia
1345 1009 1355 1044 3
1379 989 1445 1032 vi-

50 1056 172 1102 debit
193 1075 262 1103 me
289 1058 385 1119 plus
407 1074 531 1130 posse
554 1058 661 1102 dum
694 1068 924 1119 torqueor,
950 1075 1081 1120 quam
1104 1060 1194 1119 ipse
1223 1059 1329 1103 dum
1357 1069 1446 1104 tor-

50 1138 170 1189 quet.
202 1132 383 1175 Sanctus
415 1130 670 1174 Vincentius
694 1129 740 1173 in
770 1129 945 1173 exilium
977 1130 1188 1186 mittitur,
1215 1140 1259 1174 et
1289 1130 1370 1174 iter
1393 1131 1448 1175 ad

49 1200 299 1260 paradisum
324 1201 576 1246 meditatur.
602 1204 744 1246 Morte
778 1202 988 1257 aflicitur,
1016 1210 1058 1245 et
1082 1200 1136 1245 dc
1158 1201 1246 1244 vita
1269 1200 1448 1246 meliore

50 1270 252 1328 laetatur3
279 1271 493 1332 equuleo3
519 1271 790 1328 extenditur,
817 1282 859 1316 et
887 1272 938 1316 fit
960 1271 1136 1327 clarior,
1168 1269 1275 1316 dum
1302 1287 1326 1316 a
1349 1288 1450 1331 per-

51 1352 250 1388 secutore
273 1344 469 1403 punitur.
495 1343 683 1387 Existit4
708 1353 808 1387 ante
840 1343 1065 1387 hominem
1092 1341 1316 1402 judicem3
1349 1352 1450 1387 ante

50 1415 275 1458 hominem
295 1414 460 1471 stabat,
481 1415 557 1458 sed
579 1415 625 1458 in
642 1414 772 1459 corde
795 1418 933 1459 Deum
950 1414 1145 1474 judicem
1174 1414 1357 1473 rogabat
1380 1413 1449 1458 di-

51 1501 179 1531 cens:
206 1487 243 1530 O
267 1486 446 1547 antique
467 1486 624 1541 hostis,
651 1486 833 1530 humani
859 1486 1025 1545 generis
1048 1485 1222 1529 inimice
1237 1521 1247 1541 ,
1273 1484 1381 1546 quid
1402 1485 1449 1529 in

49 1572 148 1602 mea
176 1557 373 1617 passione
395 1573 485 1602 non
501 1556 656 1612 facias,
683 1557 759 1618 qui
777 1566 819 1601 et
841 1560 982 1601 Deum
1011 1572 1158 1601 meum
1178 1566 1346 1600 tentare
1368 1572 1448 1600 vo-

49 1628 192 1684 luisti,
219 1628 294 1673 sed
315 1629 488 1673 vincere
511 1644 601 1674 non
631 1628 923 1689 praevaluisti,
957 1638 1170 1688 prostrata
1194 1628 1311 1671 enim
1339 1627 1451 1672 sicut

50 1702 188 1747 bestia
205 1704 392 1763 jacuisti.
419 1706 517 1749 Non
540 1703 694 1754 timeo,
714 1703 879 1763 inquit,
905 1702 1136 1762 supplicia,
1157 1717 1450 1762 quaecumque

51 1775 186 1819 iratus
214 1774 491 1835 inipcgeris⁵3
518 1776 601 1819 hoc
624 1775 760 1833 magis
786 1774 894 1818 mihi
917 1773 1187 1818 fortitudinis
1220 1782 1303 1828 est,
1330 1773 1452 1833 quod

52 1856 95 1890 te
117 1847 246 1906 fingis
266 1845 378 1890 velle
401 1846 608 1890 misereri.
632 1849 830 1904 insurge,
855 1845 1037 1889 Diabole
1055 1866 1065 1902 3
1081 1854 1337 1904 percurrant
1355 1860 1451 1889 om-

53 1915 1344 1977 nestunna3fidentetforfinflhneniexzuunutchffisfiana.

114 1992 172 2033 ΙΙ.
197 1993 248 2033 In
263 1988 409 2032 surore
426 1997 470 2032 et
490 1989 538 2031 in
558 1988 620 2032 ira
639 2003 731 2042 sua,
749 1988 907 2047 impius
929 1987 1144 2031 Dacianus
1169 1987 1227 2031 ait
1245 1987 1454 2032 :Vincere

52 2075 123 2104 me
146 2075 237 2104 non
257 2068 401 2119 potest
418 2059 520 2116 iste,
546 2058 653 2102 dum
673 2059 812 2114 vivet,
834 2058 1062 2102 tormentis
1084 2057 1365 2102 acerbissimis
1383 2073 1456 2117 ap-

54 2130 258 2191 plicetur.
294 2133 331 2175 0
354 2129 658 2190 insuperabilis
685 2128 855 2173 virtus!
900 2145 925 2173 o
955 2128 1117 2173 invicta
1154 2128 1288 2172 animi
1332 2127 1457 2172 sorti-

55 2202 191 2247 tudo!
217 2210 391 2246 sanctus
426 2201 684 2245 Vincentius
715 2208 971 2260 torquetur,
999 2198 1223 2253 tunditur,
1258 2197 1454 2258 flagella-

56 2283 128 2318 tur
150 2309 161 2330 ,
209 2273 430 2328 exuritur,
478 2272 663 2316 extentis
703 2271 911 2316 membris
949 2270 1102 2314 crescit
1150 2269 1204 2314 ad
1245 2285 1422 2329 poenam
1443 2306 1454 2326 ,

56 2345 180 2405 cujus
207 2344 384 2404 spiritus
411 2345 503 2404 jam
540 2343 801 2402 migraverat
836 2341 891 2386 ad
924 2356 1146 2386 coronam.
1179 2343 1237 2386 At
1269 2340 1342 2384 itte
1379 2341 1456 2401 qui

57 2415 255 2477 quotidie
275 2415 443 2460 victum
477 2430 521 2459 se
545 2414 834 2459 erubescebat
868 2413 1031 2469 audiri,
1068 2412 1154 2457 ait:
1185 2411 1457 2458 Praevaiuisti

104 2523 152 2565 (a)
170 2526 269 2567 Apoc.
289 2535 325 2566 v,
346 2523 379 2557 5.

102 2597 118 2616 Ἴ
139 2593 248 2626 Codex
270 2592 449 2639 quoesz'tur.
480 2607 523 2615 ·-·
549 2592 625 2623 ²1ta
649 2590 760 2626 Codex·
791 2602 849 2635 pro
877 2591 1062 2632 mmeritis,
1094 2594 1130 2623 ut
1152 2590 1228 2624 mihi
1251 2591 1391 2623 ridetur.
1417 2607 1457 2613 —

63 2646 76 2672 3
91 2650 199 2684 Codex
215 2649 299 2684 male
316 2649 464 2681 exsulio.
483 2665 526 2672 --
550 2646 567 2677 4
587 2650 683 2682 Forte
699 2649 808 2688 stetit,
826 2647 877 2680 vel
895 2648 1019 2680 cxtz'tc'z.
1042 2664 1084 2670 --
1100 2645 1115 2670 5
1129 2648 1208 2679 Cod¹
1226 2648 1434 2691 impingers‘s.

280 2714 421 2745 cxxx.
1190 2704 1241 2742 17
