<?xml version="1.0" encoding="UTF-8"?>
<!DOCTYPE html PUBLIC "-//W3C//DTD XHTML 1.0 Transitional//EN"
    "http://www.w3.org/TR/xhtml1/DTD/xhtml1-transitional.dtd">
<html xmlns="http://www.w3.org/1999/xhtml" xml:lang="en" lang="en">
 <head>
  <title>
</title>
<meta http-equiv="Content-Type" content="text/html;charset=utf-8" />
  <meta name='ocr-system' content='tesseract 3.04.00' />
  <meta name='ocr-capabilities' content='ocr_page ocr_carea ocr_par ocr_line ocrx_word'/>
</head>
<body>
  <div class='ocr_page' id='page_1' title='image "./operaomniaaccura23auguuoft_0099.png"; bbox 0 0 1803 3276; ppageno 0'>
   <div class='ocr_carea' id='block_1_1' title="bbox 395 203 1468 241">
    <p class='ocr_par' dir='ltr' id='par_1_1' title="bbox 395 203 1468 241">
     <span class='ocr_line' id='line_1_1' title="bbox 395 203 1468 241; baseline 0.001 -1"><span class='ocrx_word' id='word_1_1' title='bbox 395 211 534 240; x_wconf 67' lang='grc' dir='ltr'>31111Μο</span> <span class='ocrx_word' id='word_1_2' title='bbox 569 214 646 240; x_wconf 84' lang='lat' dir='ltr'>vn.</span> <span class='ocrx_word' id='word_1_3' title='bbox 684 214 728 240; x_wconf 78' lang='lat' dir='ltr'>IN</span> <span class='ocrx_word' id='word_1_4' title='bbox 761 209 917 240; x_wconf 71' lang='lat' dir='ltr'>NATALr</span> <span class='ocrx_word' id='word_1_5' title='bbox 951 212 1107 240; x_wconf 73' lang='lat' dir='ltr'>nomm</span> <span class='ocrx_word' id='word_1_6' title='bbox 1140 215 1169 240; x_wconf 90' lang='lat'>1.</span> <span class='ocrx_word' id='word_1_7' title='bbox 1414 203 1468 241; x_wconf 89' lang='lat'>89</span> 
     </span>
    </p>
   </div>
   <div class='ocr_carea' id='block_1_2' title="bbox 69 278 1473 2468">
    <p class='ocr_par' dir='ltr' id='par_1_2' title="bbox 69 278 1473 2468">
     <span class='ocr_line' id='line_1_2' title="bbox 87 278 1471 337; baseline 0.002 -14"><span class='ocrx_word' id='word_1_8' title='bbox 87 278 175 323; x_wconf 89' lang='lat' dir='ltr'>nali</span> <span class='ocrx_word' id='word_1_9' title='bbox 199 279 383 334; x_wconf 90' lang='lat' dir='ltr'>semine,</span> <span class='ocrx_word' id='word_1_10' title='bbox 407 279 483 323; x_wconf 90' lang='lat' dir='ltr'>sed</span> <span class='ocrx_word' id='word_1_11' title='bbox 501 278 666 323; x_wconf 84' lang='lat' dir='ltr'>coelesti</span> <span class='ocrx_word' id='word_1_12' title='bbox 694 294 806 334; x_wconf 82' lang='lat' dir='ltr'>rore,</span> <span class='ocrx_word' id='word_1_13' title='bbox 827 288 871 323; x_wconf 87' lang='lat' dir='ltr'>et</span> <span class='ocrx_word' id='word_1_14' title='bbox 897 278 1082 322; x_wconf 89' lang='lat' dir='ltr'>nubium</span> <span class='ocrx_word' id='word_1_15' title='bbox 1107 294 1196 324; x_wconf 90' lang='lat' dir='ltr'>non</span> <span class='ocrx_word' id='word_1_16' title='bbox 1213 280 1368 337; x_wconf 87' lang='lat' dir='ltr'>imbre,</span> <span class='ocrx_word' id='word_1_17' title='bbox 1395 280 1471 326; x_wconf 88' lang='lat' dir='ltr'>sed</span> 
     </span>
     <span class='ocr_line' id='line_1_3' title="bbox 85 349 1466 412; baseline 0.001 -17"><span class='ocrx_word' id='word_1_18' title='bbox 85 365 236 411; x_wconf 89' lang='lat' dir='ltr'>opere,</span> <span class='ocrx_word' id='word_1_19' title='bbox 259 367 358 412; x_wconf 83' lang='lat' dir='ltr'>quae</span> <span class='ocrx_word' id='word_1_20' title='bbox 374 349 653 395; x_wconf 80' lang='lat' dir='ltr'>descendenti</span> <span class='ocrx_word' id='word_1_21' title='bbox 673 351 717 395; x_wconf 90' lang='lat' dir='ltr'>in</span> <span class='ocrx_word' id='word_1_22' title='bbox 735 364 863 395; x_wconf 87' lang='lat' dir='ltr'>carne</span> <span class='ocrx_word' id='word_1_23' title='bbox 875 349 1062 395; x_wconf 86' lang='lat' dir='ltr'>Domino</span> <span class='ocrx_word' id='word_1_24' title='bbox 1074 365 1162 394; x_wconf 91' lang='lat' dir='ltr'>non</span> <span class='ocrx_word' id='word_1_25' title='bbox 1180 349 1442 411; x_wconf 87' lang='lat' dir='ltr'>adjutorium</span> <span class='ocrx_word' id='word_1_26' title='bbox 1455 387 1466 408; x_wconf 96' lang='lat'>‚</span> 
     </span>
     <span class='ocr_line' id='line_1_4' title="bbox 84 420 1467 483; baseline 0.001 -16"><span class='ocrx_word' id='word_1_27' title='bbox 84 421 160 467; x_wconf 89' lang='lat' dir='ltr'>sed</span> <span class='ocrx_word' id='word_1_28' title='bbox 171 422 364 467; x_wconf 80' lang='lat' dir='ltr'>osticium</span> <span class='ocrx_word' id='word_1_29' title='bbox 373 422 809 483; x_wconf 73' lang='lat' dir='ltr'>praebueruntQuod</span> <span class='ocrx_word' id='word_1_30' title='bbox 822 421 925 466; x_wconf 84' lang='lat' dir='ltr'>alibi</span> <span class='ocrx_word' id='word_1_31' title='bbox 939 421 1078 466; x_wconf 89' lang='lat' dir='ltr'>David</span> <span class='ocrx_word' id='word_1_32' title='bbox 1091 420 1333 467; x_wconf 83' lang='lat' dir='ltr'>evidentius</span> <span class='ocrx_word' id='word_1_33' title='bbox 1346 421 1467 469; x_wconf 87' lang='lat' dir='ltr'>dicit:</span> 
     </span>
     <span class='ocr_line' id='line_1_5' title="bbox 87 492 1473 554; baseline 0.003 -19"><span class='ocrx_word' id='word_1_34' title='bbox 87 512 108 535; x_wconf 90' lang='lat'>«</span> <span class='ocrx_word' id='word_1_35' title='bbox 144 492 376 538; x_wconf 80' lang='lat' dir='ltr'><strong>Descendit</strong></span> <span class='ocrx_word' id='word_1_36' title='bbox 391 493 515 554; x_wconf 84' lang='lat' dir='ltr'>quasi</span> <span class='ocrx_word' id='word_1_37' title='bbox 528 492 743 538; x_wconf 86' lang='lat' dir='ltr'>stillicidia</span> <span class='ocrx_word' id='word_1_38' title='bbox 761 492 947 538; x_wconf 86' lang='lat' dir='ltr'>rorantia</span> <span class='ocrx_word' id='word_1_39' title='bbox 964 507 1092 552; x_wconf 90' lang='lat' dir='ltr'>super</span> <span class='ocrx_word' id='word_1_40' title='bbox 1109 500 1267 536; x_wconf 86' lang='lat' dir='ltr'>terram</span> <span class='ocrx_word' id='word_1_41' title='bbox 1284 494 1398 551; x_wconf 82' lang='lat' dir='ltr'>(a).»</span> <span class='ocrx_word' id='word_1_42' title='bbox 1415 495 1473 538; x_wconf 85' lang='lat' dir='ltr'>Et</span> 
     </span>
     <span class='ocr_line' id='line_1_6' title="bbox 81 562 1473 627; baseline 0.002 -19"><span class='ocrx_word' id='word_1_43' title='bbox 81 564 240 609; x_wconf 89' lang='lat' dir='ltr'>iterum</span> <span class='ocrx_word' id='word_1_44' title='bbox 253 565 307 609; x_wconf 90' lang='lat' dir='ltr'>de</span> <span class='ocrx_word' id='word_1_45' title='bbox 321 566 403 610; x_wconf 96' lang='grc' dir='ltr'>11οο</span> <span class='ocrx_word' id='word_1_46' title='bbox 416 565 509 627; x_wconf 91' lang='lat' dir='ltr'>ipso</span> <span class='ocrx_word' id='word_1_47' title='bbox 528 580 538 607; x_wconf 76' lang='lat' dir='ltr'>t</span> <span class='ocrx_word' id='word_1_48' title='bbox 559 575 580 608; x_wconf 73' lang='grc' dir='ltr'>ι’(</span> <span class='ocrx_word' id='word_1_49' title='bbox 603 568 730 610; x_wconf 87' lang='lat' dir='ltr'>Terra</span> <span class='ocrx_word' id='word_1_50' title='bbox 745 565 868 610; x_wconf 81' lang='lat' dir='ltr'>dabit</span> <span class='ocrx_word' id='word_1_51' title='bbox 881 563 1075 609; x_wconf 85' lang='lat' dir='ltr'>fructum</span> <span class='ocrx_word' id='word_1_52' title='bbox 1086 580 1213 609; x_wconf 90' lang='lat' dir='ltr'>suum</span> <span class='ocrx_word' id='word_1_53' title='bbox 1225 562 1337 624; x_wconf 80' lang='lat' dir='ltr'><em>(b)‚»</em></span> <span class='ocrx_word' id='word_1_54' title='bbox 1351 564 1473 625; x_wconf 85' lang='lat' dir='ltr'>quod</span> 
     </span>
     <span class='ocr_line' id='line_1_7' title="bbox 82 633 1473 696; baseline 0 -17"><span class='ocrx_word' id='word_1_55' title='bbox 82 635 323 696; x_wconf 85' lang='lat' dir='ltr'>specialiter</span> <span class='ocrx_word' id='word_1_56' title='bbox 358 636 546 696; x_wconf 81' lang='lat' dir='ltr'>Virginis</span> <span class='ocrx_word' id='word_1_57' title='bbox 575 635 760 681; x_wconf 87' lang='lat' dir='ltr'>refertur</span> <span class='ocrx_word' id='word_1_58' title='bbox 798 635 853 681; x_wconf 86' lang='lat' dir='ltr'>ad</span> <span class='ocrx_word' id='word_1_59' title='bbox 889 645 1079 680; x_wconf 74' lang='lat' dir='ltr'>uterum,</span> <span class='ocrx_word' id='word_1_60' title='bbox 1124 638 1182 680; x_wconf 91' lang='lat' dir='ltr'>Et</span> <span class='ocrx_word' id='word_1_61' title='bbox 1208 650 1309 680; x_wconf 85' lang='lat' dir='ltr'>vere</span> <span class='ocrx_word' id='word_1_62' title='bbox 1351 633 1473 680; x_wconf 85' lang='lat' dir='ltr'>dedit</span> 
     </span>
     <span class='ocr_line' id='line_1_8' title="bbox 85 706 1318 768; baseline 0.002 -20"><span class='ocrx_word' id='word_1_63' title='bbox 85 725 105 749; x_wconf 87' lang='lat'>«</span> <span class='ocrx_word' id='word_1_64' title='bbox 137 708 351 752; x_wconf 85' lang='lat' dir='ltr'><strong>Fructum</strong></span> <span class='ocrx_word' id='word_1_65' title='bbox 378 722 528 763; x_wconf 88' lang='lat' dir='ltr'>suum,</span> <span class='ocrx_word' id='word_1_66' title='bbox 557 708 590 749; x_wconf 76' lang='lat' dir='ltr'>&gt;›v</span> <span class='ocrx_word' id='word_1_67' title='bbox 612 708 714 768; x_wconf 89' lang='lat' dir='ltr'>quia</span> <span class='ocrx_word' id='word_1_68' title='bbox 743 723 889 752; x_wconf 87' lang='lat' dir='ltr'>semen</span> <span class='ocrx_word' id='word_1_69' title='bbox 912 707 1091 752; x_wconf 88' lang='lat' dir='ltr'>nescivit</span> <span class='ocrx_word' id='word_1_70' title='bbox 1112 706 1318 751; x_wconf 85' lang='lat' dir='ltr'>alienum.</span> 
     </span>
     <span class='ocr_line' id='line_1_9' title="bbox 139 775 1471 839; baseline 0 -17"><span class='ocrx_word' id='word_1_71' title='bbox 139 778 301 822; x_wconf 81' lang='lat' dir='ltr'><strong>XXVI.</strong></span> <span class='ocrx_word' id='word_1_72' title='bbox 327 778 410 831; x_wconf 85' lang='lat' dir='ltr'>Qui</span> <span class='ocrx_word' id='word_1_73' title='bbox 438 777 522 822; x_wconf 92' lang='lat' dir='ltr'>hoc</span> <span class='ocrx_word' id='word_1_74' title='bbox 545 777 742 834; x_wconf 80' lang='lat' dir='ltr'>dubitas,</span> <span class='ocrx_word' id='word_1_75' title='bbox 769 778 974 839; x_wconf 84' lang='lat' dir='ltr'>exemplis</span> <span class='ocrx_word' id='word_1_76' title='bbox 1006 777 1138 822; x_wconf 89' lang='lat' dir='ltr'>fidem</span> <span class='ocrx_word' id='word_1_77' title='bbox 1162 787 1283 823; x_wconf 88' lang='lat' dir='ltr'>tuam</span> <span class='ocrx_word' id='word_1_78' title='bbox 1311 775 1471 823; x_wconf 89' lang='lat' dir='ltr'>credu-</span> 
     </span>
     <span class='ocr_line' id='line_1_10' title="bbox 78 846 1470 909; baseline 0 -17"><span class='ocrx_word' id='word_1_79' title='bbox 78 846 336 909; x_wconf 85' lang='lat' dir='ltr'>litatemque</span> <span class='ocrx_word' id='word_1_80' title='bbox 356 847 570 894; x_wconf 86' lang='lat' dir='ltr'>conforta.</span> <span class='ocrx_word' id='word_1_81' title='bbox 597 851 710 894; x_wconf 88' lang='lat' dir='ltr'>Ecce</span> <span class='ocrx_word' id='word_1_82' title='bbox 727 850 842 894; x_wconf 90' lang='lat' dir='ltr'>enim</span> <span class='ocrx_word' id='word_1_83' title='bbox 862 849 1013 909; x_wconf 85' lang='lat' dir='ltr'>inipso</span> <span class='ocrx_word' id='word_1_84' title='bbox 1036 847 1277 909; x_wconf 90' lang='lat' dir='ltr'>primordio</span> <span class='ocrx_word' id='word_1_85' title='bbox 1294 863 1346 894; x_wconf 76' lang='lat' dir='ltr'>ex</span> <span class='ocrx_word' id='word_1_86' title='bbox 1367 863 1470 909; x_wconf 84' lang='lat' dir='ltr'>per-</span> 
     </span>
     <span class='ocr_line' id='line_1_11' title="bbox 77 910 1471 980; baseline -0.001 -16"><span class='ocrx_word' id='word_1_87' title='bbox 77 915 194 964; x_wconf 86' lang='lat' dir='ltr'>fecto</span> <span class='ocrx_word' id='word_1_88' title='bbox 220 919 401 964; x_wconf 86' lang='lat' dir='ltr'>masculi</span> <span class='ocrx_word' id='word_1_89' title='bbox 431 934 613 980; x_wconf 85' lang='lat' dir='ltr'>corpore</span> <span class='ocrx_word' id='word_1_90' title='bbox 649 929 767 964; x_wconf 87' lang='lat' dir='ltr'>costa</span> <span class='ocrx_word' id='word_1_91' title='bbox 807 910 1051 974; x_wconf 71' lang='lat' dir='ltr'>divellitur,</span> <span class='ocrx_word' id='word_1_92' title='bbox 1097 928 1140 964; x_wconf 87' lang='lat' dir='ltr'>et</span> <span class='ocrx_word' id='word_1_93' title='bbox 1174 917 1297 963; x_wconf 91' lang='lat' dir='ltr'>locus</span> <span class='ocrx_word' id='word_1_94' title='bbox 1333 917 1471 963; x_wconf 88' lang='lat' dir='ltr'>avulsi</span> 
     </span>
     <span class='ocr_line' id='line_1_12' title="bbox 76 988 1469 1050; baseline 0 -17"><span class='ocrx_word' id='word_1_95' title='bbox 76 989 264 1033; x_wconf 84' lang='lat' dir='ltr'>membri</span> <span class='ocrx_word' id='word_1_96' title='bbox 282 988 403 1034; x_wconf 84' lang='lat' dir='ltr'>nulla</span> <span class='ocrx_word' id='word_1_97' title='bbox 419 991 463 1034; x_wconf 91' lang='lat' dir='ltr'>in</span> <span class='ocrx_word' id='word_1_98' title='bbox 477 1000 600 1049; x_wconf 87' lang='lat' dir='ltr'>parte</span> <span class='ocrx_word' id='word_1_99' title='bbox 617 990 808 1050; x_wconf 87' lang='lat' dir='ltr'>corporis</span> <span class='ocrx_word' id='word_1_100' title='bbox 827 989 1064 1048; x_wconf 69' lang='lat' dir='ltr'>invenitur,</span> <span class='ocrx_word' id='word_1_101' title='bbox 1084 990 1232 1034; x_wconf 88' lang='lat' dir='ltr'>minus</span> <span class='ocrx_word' id='word_1_102' title='bbox 1247 989 1297 1033; x_wconf 83' lang='lat' dir='ltr'>fit</span> <span class='ocrx_word' id='word_1_103' title='bbox 1312 1003 1469 1045; x_wconf 90' lang='lat' dir='ltr'>unum,</span> 
     </span>
     <span class='ocr_line' id='line_1_13' title="bbox 76 1058 1471 1120; baseline -0.001 -16"><span class='ocrx_word' id='word_1_104' title='bbox 76 1058 257 1120; x_wconf 87' lang='lat' dir='ltr'>plenum</span> <span class='ocrx_word' id='word_1_105' title='bbox 279 1060 355 1104; x_wconf 88' lang='lat' dir='ltr'>sed</span> <span class='ocrx_word' id='word_1_106' title='bbox 382 1069 526 1105; x_wconf 90' lang='lat' dir='ltr'>totum</span> <span class='ocrx_word' id='word_1_107' title='bbox 548 1069 626 1105; x_wconf 90' lang='lat' dir='ltr'>est.</span> <span class='ocrx_word' id='word_1_108' title='bbox 658 1059 840 1105; x_wconf 90' lang='lat' dir='ltr'>Nullum</span> <span class='ocrx_word' id='word_1_109' title='bbox 862 1060 906 1104; x_wconf 92' lang='lat' dir='ltr'>in</span> <span class='ocrx_word' id='word_1_110' title='bbox 929 1076 1111 1120; x_wconf 89' lang='lat' dir='ltr'>corpore</span> <span class='ocrx_word' id='word_1_111' title='bbox 1134 1059 1347 1105; x_wconf 90' lang='lat' dir='ltr'>indicium</span> <span class='ocrx_word' id='word_1_112' title='bbox 1375 1075 1471 1104; x_wconf 87' lang='lat' dir='ltr'>cer-</span> 
     </span>
     <span class='ocr_line' id='line_1_14' title="bbox 76 1129 1471 1191; baseline 0.001 -17"><span class='ocrx_word' id='word_1_113' title='bbox 76 1129 196 1174; x_wconf 88' lang='lat' dir='ltr'>nitur</span> <span class='ocrx_word' id='word_1_114' title='bbox 221 1130 455 1187; x_wconf 82' lang='lat' dir='ltr'>cicatricis,</span> <span class='ocrx_word' id='word_1_115' title='bbox 490 1146 571 1176; x_wconf 92' lang='lat' dir='ltr'>nec</span> <span class='ocrx_word' id='word_1_116' title='bbox 607 1131 835 1189; x_wconf 82' lang='lat' dir='ltr'>vestigium</span> <span class='ocrx_word' id='word_1_117' title='bbox 874 1130 1108 1176; x_wconf 82' lang='lat' dir='ltr'>avulsionis</span> <span class='ocrx_word' id='word_1_118' title='bbox 1142 1139 1337 1191; x_wconf 82' lang='lat' dir='ltr'>apparet.</span> <span class='ocrx_word' id='word_1_119' title='bbox 1368 1130 1471 1175; x_wconf 78' lang='lat' dir='ltr'>Exit</span> 
     </span>
     <span class='ocr_line' id='line_1_15' title="bbox 78 1199 1468 1262; baseline 0 -16"><span class='ocrx_word' id='word_1_120' title='bbox 78 1209 197 1247; x_wconf 89' lang='lat' dir='ltr'>costa</span> <span class='ocrx_word' id='word_1_121' title='bbox 221 1201 277 1246; x_wconf 91' lang='lat' dir='ltr'>de</span> <span class='ocrx_word' id='word_1_122' title='bbox 300 1200 457 1257; x_wconf 85' lang='lat' dir='ltr'>latere,</span> <span class='ocrx_word' id='word_1_123' title='bbox 483 1210 527 1246; x_wconf 87' lang='lat' dir='ltr'>et</span> <span class='ocrx_word' id='word_1_124' title='bbox 554 1216 710 1262; x_wconf 89' lang='lat' dir='ltr'>corpus</span> <span class='ocrx_word' id='word_1_125' title='bbox 733 1216 822 1246; x_wconf 91' lang='lat' dir='ltr'>non</span> <span class='ocrx_word' id='word_1_126' title='bbox 841 1210 957 1246; x_wconf 89' lang='lat' dir='ltr'>caret</span> <span class='ocrx_word' id='word_1_127' title='bbox 975 1200 1264 1262; x_wconf 83' lang='lat' dir='ltr'>plenitudine.</span> <span class='ocrx_word' id='word_1_128' title='bbox 1292 1199 1468 1246; x_wconf 87' lang='lat' dir='ltr'>Perfec-</span> 
     </span>
     <span class='ocr_line' id='line_1_16' title="bbox 76 1271 1468 1333; baseline 0.001 -17"><span class='ocrx_word' id='word_1_129' title='bbox 76 1281 172 1316; x_wconf 88' lang='lat' dir='ltr'>tum</span> <span class='ocrx_word' id='word_1_130' title='bbox 195 1281 259 1317; x_wconf 87' lang='lat' dir='ltr'>est</span> <span class='ocrx_word' id='word_1_131' title='bbox 280 1271 403 1333; x_wconf 85' lang='lat' dir='ltr'>quod</span> <span class='ocrx_word' id='word_1_132' title='bbox 423 1273 533 1328; x_wconf 88' lang='lat' dir='ltr'>exit,</span> <span class='ocrx_word' id='word_1_133' title='bbox 565 1273 784 1332; x_wconf 85' lang='lat' dir='ltr'>integrum</span> <span class='ocrx_word' id='word_1_134' title='bbox 805 1272 929 1333; x_wconf 88' lang='lat' dir='ltr'>quod</span> <span class='ocrx_word' id='word_1_135' title='bbox 951 1272 1105 1317; x_wconf 83' lang='lat' dir='ltr'>amisit.</span> <span class='ocrx_word' id='word_1_136' title='bbox 1133 1275 1190 1316; x_wconf 88' lang='lat' dir='ltr'>Et</span> <span class='ocrx_word' id='word_1_137' title='bbox 1211 1280 1261 1316; x_wconf 90' lang='lat' dir='ltr'>ut</span> <span class='ocrx_word' id='word_1_138' title='bbox 1283 1271 1468 1332; x_wconf 86' lang='lat' dir='ltr'>amplius</span> 
     </span>
     <span class='ocr_line' id='line_1_17' title="bbox 74 1342 1468 1403; baseline 0 -17"><span class='ocrx_word' id='word_1_139' title='bbox 74 1357 362 1403; x_wconf 77' lang='lat' dir='ltr'>praesumam,</span> <span class='ocrx_word' id='word_1_140' title='bbox 397 1343 562 1403; x_wconf 84' lang='lat' dir='ltr'>absque</span> <span class='ocrx_word' id='word_1_141' title='bbox 584 1343 792 1403; x_wconf 84' lang='lat' dir='ltr'>passionis</span> <span class='ocrx_word' id='word_1_142' title='bbox 814 1343 971 1403; x_wconf 85' lang='lat' dir='ltr'>injuria</span> <span class='ocrx_word' id='word_1_143' title='bbox 990 1378 1000 1397; x_wconf 96' lang='lat'>,</span> <span class='ocrx_word' id='word_1_144' title='bbox 1025 1342 1150 1388; x_wconf 81' lang='lat' dir='ltr'>virile</span> <span class='ocrx_word' id='word_1_145' title='bbox 1172 1351 1329 1403; x_wconf 86' lang='lat' dir='ltr'>corpus</span> <span class='ocrx_word' id='word_1_146' title='bbox 1350 1351 1468 1388; x_wconf 88' lang='lat' dir='ltr'>costa</span> 
     </span>
     <span class='ocr_line' id='line_1_18' title="bbox 73 1413 1464 1475; baseline -0.001 -18"><span class='ocrx_word' id='word_1_147' title='bbox 73 1428 125 1457; x_wconf 83' lang='lat' dir='ltr'>cx</span> <span class='ocrx_word' id='word_1_148' title='bbox 141 1429 231 1458; x_wconf 91' lang='lat' dir='ltr'>sese</span> <span class='ocrx_word' id='word_1_149' title='bbox 248 1414 442 1475; x_wconf 86' lang='lat' dir='ltr'>quodam</span> <span class='ocrx_word' id='word_1_150' title='bbox 455 1413 587 1459; x_wconf 93' lang='lat' dir='ltr'>modo</span> <span class='ocrx_word' id='word_1_151' title='bbox 603 1413 844 1473; x_wconf 63' lang='lat' dir='ltr'>generavit,</span> <span class='ocrx_word' id='word_1_152' title='bbox 860 1413 1086 1474; x_wconf 76' lang='lat' dir='ltr'>extititque</span> <span class='ocrx_word' id='word_1_153' title='bbox 1103 1428 1260 1473; x_wconf 93' lang='lat' dir='ltr'>corpus</span> <span class='ocrx_word' id='word_1_154' title='bbox 1274 1413 1464 1469; x_wconf 89' lang='lat' dir='ltr'>lucrum,</span> 
     </span>
     <span class='ocr_line' id='line_1_19' title="bbox 73 1482 1467 1544; baseline 0.001 -17"><span class='ocrx_word' id='word_1_155' title='bbox 73 1484 197 1544; x_wconf 88' lang='lat' dir='ltr'>quod</span> <span class='ocrx_word' id='word_1_156' title='bbox 218 1485 348 1529; x_wconf 88' lang='lat' dir='ltr'>matri</span> <span class='ocrx_word' id='word_1_157' title='bbox 376 1501 465 1529; x_wconf 72' lang='lat' dir='ltr'>suae</span> <span class='ocrx_word' id='word_1_158' title='bbox 499 1499 588 1529; x_wconf 90' lang='lat' dir='ltr'>non</span> <span class='ocrx_word' id='word_1_159' title='bbox 618 1484 766 1528; x_wconf 90' lang='lat' dir='ltr'>intulit</span> <span class='ocrx_word' id='word_1_160' title='bbox 795 1482 1123 1528; x_wconf 84' lang='lat' dir='ltr'>detrimentum.</span> <span class='ocrx_word' id='word_1_161' title='bbox 1149 1484 1297 1528; x_wconf 91' lang='lat' dir='ltr'>Potuit</span> <span class='ocrx_word' id='word_1_162' title='bbox 1319 1499 1422 1543; x_wconf 82' lang='lat' dir='ltr'>ergo</span> <span class='ocrx_word' id='word_1_163' title='bbox 1443 1499 1467 1527; x_wconf 91' lang='grc'>0</span> 
     </span>
     <span class='ocr_line' id='line_1_20' title="bbox 72 1553 1466 1611; baseline -0.001 -12"><span class='ocrx_word' id='word_1_164' title='bbox 72 1553 206 1600; x_wconf 87' lang='lat' dir='ltr'>latere</span> <span class='ocrx_word' id='word_1_165' title='bbox 235 1555 424 1600; x_wconf 87' lang='lat' dir='ltr'>hominis</span> <span class='ocrx_word' id='word_1_166' title='bbox 460 1563 624 1600; x_wconf 88' lang='lat' dir='ltr'>costam</span> <span class='ocrx_word' id='word_1_167' title='bbox 652 1555 800 1599; x_wconf 86' lang='lat' dir='ltr'>divina</span> <span class='ocrx_word' id='word_1_168' title='bbox 838 1554 976 1600; x_wconf 88' lang='lat' dir='ltr'>virtus</span> <span class='ocrx_word' id='word_1_169' title='bbox 1005 1554 1218 1611; x_wconf 83' lang='lat' dir='ltr'>educere,</span> <span class='ocrx_word' id='word_1_170' title='bbox 1259 1564 1303 1600; x_wconf 88' lang='lat' dir='ltr'>et</span> <span class='ocrx_word' id='word_1_171' title='bbox 1343 1553 1466 1599; x_wconf 87' lang='lat' dir='ltr'>nulla</span> 
     </span>
     <span class='ocr_line' id='line_1_21' title="bbox 71 1624 1465 1686; baseline -0.001 -16"><span class='ocrx_word' id='word_1_172' title='bbox 71 1640 229 1686; x_wconf 88' lang='lat' dir='ltr'>corpus</span> <span class='ocrx_word' id='word_1_173' title='bbox 258 1626 405 1671; x_wconf 84' lang='lat' dir='ltr'>vexari</span> <span class='ocrx_word' id='word_1_174' title='bbox 434 1625 715 1685; x_wconf 85' lang='lat' dir='ltr'>corruptione</span> <span class='ocrx_word' id='word_1_175' title='bbox 742 1642 750 1667; x_wconf 92' lang='lat'>:</span> <span class='ocrx_word' id='word_1_176' title='bbox 777 1641 828 1669; x_wconf 82' lang='lat' dir='ltr'>ex</span> <span class='ocrx_word' id='word_1_177' title='bbox 855 1625 1042 1684; x_wconf 82' lang='lat' dir='ltr'>Virginis</span> <span class='ocrx_word' id='word_1_178' title='bbox 1072 1635 1197 1670; x_wconf 90' lang='lat' dir='ltr'>utero</span> <span class='ocrx_word' id='word_1_179' title='bbox 1224 1624 1465 1685; x_wconf 85' lang='lat' dir='ltr'>procedens</span> 
     </span>
     <span class='ocr_line' id='line_1_22' title="bbox 72 1695 1464 1757; baseline -0.001 -17"><span class='ocrx_word' id='word_1_180' title='bbox 72 1698 186 1740; x_wconf 91' lang='lat' dir='ltr'>Deus</span> <span class='ocrx_word' id='word_1_181' title='bbox 203 1732 214 1752; x_wconf 93' lang='lat'>,</span> <span class='ocrx_word' id='word_1_182' title='bbox 246 1696 541 1756; x_wconf 83' lang='lat' dir='ltr'>integritatem</span> <span class='ocrx_word' id='word_1_183' title='bbox 570 1712 660 1741; x_wconf 90' lang='lat' dir='ltr'>non</span> <span class='ocrx_word' id='word_1_184' title='bbox 688 1695 832 1756; x_wconf 89' lang='lat' dir='ltr'>potuit</span> <span class='ocrx_word' id='word_1_185' title='bbox 859 1696 1103 1741; x_wconf 75' lang='lat' dir='ltr'>custodire?</span> <span class='ocrx_word' id='word_1_186' title='bbox 1125 1698 1182 1741; x_wconf 90' lang='lat' dir='ltr'>Et</span> <span class='ocrx_word' id='word_1_187' title='bbox 1209 1696 1363 1757; x_wconf 86' lang='lat' dir='ltr'>utique</span> <span class='ocrx_word' id='word_1_188' title='bbox 1395 1696 1464 1756; x_wconf 88' lang='lat' dir='ltr'>ip-</span> 
     </span>
     <span class='ocr_line' id='line_1_23' title="bbox 71 1767 1464 1828; baseline 0 -16"><span class='ocrx_word' id='word_1_189' title='bbox 71 1783 167 1812; x_wconf 90' lang='lat' dir='ltr'>sum</span> <span class='ocrx_word' id='word_1_190' title='bbox 184 1768 261 1813; x_wconf 88' lang='lat' dir='ltr'>Dei</span> <span class='ocrx_word' id='word_1_191' title='bbox 284 1767 446 1812; x_wconf 90' lang='lat' dir='ltr'>Filium</span> <span class='ocrx_word' id='word_1_192' title='bbox 463 1768 547 1813; x_wconf 91' lang='lat' dir='ltr'>hoc</span> <span class='ocrx_word' id='word_1_193' title='bbox 565 1777 797 1827; x_wconf 86' lang='lat' dir='ltr'>operatum</span> <span class='ocrx_word' id='word_1_194' title='bbox 820 1767 866 1811; x_wconf 91' lang='lat' dir='ltr'>in</span> <span class='ocrx_word' id='word_1_195' title='bbox 888 1767 1171 1828; x_wconf 86' lang='lat' dir='ltr'>primoplasto</span> <span class='ocrx_word' id='word_1_196' title='bbox 1191 1802 1203 1824; x_wconf 90' lang='lat'>,</span> <span class='ocrx_word' id='word_1_197' title='bbox 1226 1767 1373 1812; x_wconf 90' lang='lat' dir='ltr'>nullus</span> <span class='ocrx_word' id='word_1_198' title='bbox 1396 1777 1464 1812; x_wconf 89' lang='lat' dir='ltr'>ta·-</span> 
     </span>
     <span class='ocr_line' id='line_1_24' title="bbox 70 1837 1464 1898; baseline 0 -15"><span class='ocrx_word' id='word_1_199' title='bbox 70 1852 173 1883; x_wconf 89' lang='lat' dir='ltr'>men</span> <span class='ocrx_word' id='word_1_200' title='bbox 213 1837 393 1894; x_wconf 87' lang='lat' dir='ltr'>stultus,</span> <span class='ocrx_word' id='word_1_201' title='bbox 424 1838 505 1882; x_wconf 90' lang='lat' dir='ltr'>nisi</span> <span class='ocrx_word' id='word_1_202' title='bbox 539 1837 742 1894; x_wconf 83' lang='lat' dir='ltr'>Judaeus,</span> <span class='ocrx_word' id='word_1_203' title='bbox 783 1837 1062 1898; x_wconf 85' lang='lat' dir='ltr'>impudenter</span> <span class='ocrx_word' id='word_1_204' title='bbox 1101 1838 1287 1898; x_wconf 85' lang='lat' dir='ltr'>abjurat.</span> <span class='ocrx_word' id='word_1_205' title='bbox 1326 1837 1464 1892; x_wconf 82' lang='lat' dir='ltr'>Quale</span> 
     </span>
     <span class='ocr_line' id='line_1_25' title="bbox 69 1907 1465 1970; baseline -0.001 -17"><span class='ocrx_word' id='word_1_206' title='bbox 69 1924 174 1969; x_wconf 82' lang='lat' dir='ltr'>ergo</span> <span class='ocrx_word' id='word_1_207' title='bbox 202 1918 266 1954; x_wconf 86' lang='lat' dir='ltr'>est</span> <span class='ocrx_word' id='word_1_208' title='bbox 288 1918 339 1954; x_wconf 90' lang='lat' dir='ltr'>ut</span> <span class='ocrx_word' id='word_1_209' title='bbox 366 1908 486 1970; x_wconf 83' lang='lat' dir='ltr'>quod</span> <span class='ocrx_word' id='word_1_210' title='bbox 521 1907 625 1954; x_wconf 90' lang='lat' dir='ltr'>fecit</span> <span class='ocrx_word' id='word_1_211' title='bbox 653 1909 697 1954; x_wconf 91' lang='lat' dir='ltr'>in</span> <span class='ocrx_word' id='word_1_212' title='bbox 720 1909 909 1969; x_wconf 83' lang='lat' dir='ltr'>origine,</span> <span class='ocrx_word' id='word_1_213' title='bbox 950 1924 1051 1953; x_wconf 91' lang='lat' dir='ltr'>cum</span> <span class='ocrx_word' id='word_1_214' title='bbox 1078 1908 1287 1954; x_wconf 84' lang='lat' dir='ltr'>formaret</span> <span class='ocrx_word' id='word_1_215' title='bbox 1307 1909 1465 1954; x_wconf 90' lang='lat' dir='ltr'>mulie-</span> 
     </span>
     <span class='ocr_line' id='line_1_26' title="bbox 70 1980 1462 2042; baseline 0 -16"><span class='ocrx_word' id='word_1_216' title='bbox 70 1996 162 2026; x_wconf 89' lang='lat' dir='ltr'>rem</span> <span class='ocrx_word' id='word_1_217' title='bbox 180 2017 191 2037; x_wconf 95' lang='lat'>,</span> <span class='ocrx_word' id='word_1_218' title='bbox 218 1996 309 2026; x_wconf 92' lang='lat' dir='ltr'>non</span> <span class='ocrx_word' id='word_1_219' title='bbox 341 1981 534 2041; x_wconf 88' lang='lat' dir='ltr'>potuerit</span> <span class='ocrx_word' id='word_1_220' title='bbox 561 1981 731 2042; x_wconf 88' lang='lat' dir='ltr'>operari</span> <span class='ocrx_word' id='word_1_221' title='bbox 759 1996 860 2026; x_wconf 90' lang='lat' dir='ltr'>cum</span> <span class='ocrx_word' id='word_1_222' title='bbox 889 1990 1138 2026; x_wconf 88' lang='lat' dir='ltr'>nasceretur</span> <span class='ocrx_word' id='word_1_223' title='bbox 1164 1996 1217 2024; x_wconf 81' lang='lat' dir='ltr'>ex.</span> <span class='ocrx_word' id='word_1_224' title='bbox 1251 1980 1462 2041; x_wconf 72' lang='lat' dir='ltr'>Virgine?</span> 
     </span>
     <span class='ocr_line' id='line_1_27' title="bbox 69 2052 1462 2114; baseline -0.002 -15"><span class='ocrx_word' id='word_1_225' title='bbox 69 2055 160 2099; x_wconf 83' lang='lat' dir='ltr'>Aut</span> <span class='ocrx_word' id='word_1_226' title='bbox 181 2052 302 2114; x_wconf 88' lang='lat' dir='ltr'>quod</span> <span class='ocrx_word' id='word_1_227' title='bbox 318 2052 364 2097; x_wconf 90' lang='lat' dir='ltr'>in</span> <span class='ocrx_word' id='word_1_228' title='bbox 387 2068 567 2113; x_wconf 88' lang='lat' dir='ltr'>corpore</span> <span class='ocrx_word' id='word_1_229' title='bbox 586 2052 775 2097; x_wconf 89' lang='lat' dir='ltr'>hominis</span> <span class='ocrx_word' id='word_1_230' title='bbox 798 2067 888 2097; x_wconf 94' lang='lat' dir='ltr'>non</span> <span class='ocrx_word' id='word_1_231' title='bbox 908 2052 1104 2112; x_wconf 88' lang='lat' dir='ltr'>permisit</span> <span class='ocrx_word' id='word_1_232' title='bbox 1125 2052 1326 2112; x_wconf 84' lang='lat' dir='ltr'>agnosci,</span> <span class='ocrx_word' id='word_1_233' title='bbox 1347 2068 1462 2113; x_wconf 83' lang='lat' dir='ltr'>quo-</span> 
     </span>
     <span class='ocr_line' id='line_1_28' title="bbox 69 2121 1463 2185; baseline -0.001 -16"><span class='ocrx_word' id='word_1_234' title='bbox 69 2122 201 2170; x_wconf 88' lang='lat' dir='ltr'>modo</span> <span class='ocrx_word' id='word_1_235' title='bbox 223 2126 234 2150; x_wconf 86' lang='lat'><strong>¹</strong></span> <span class='ocrx_word' id='word_1_236' title='bbox 262 2132 486 2185; x_wconf 86' lang='lat' dir='ltr'>pateretur</span> <span class='ocrx_word' id='word_1_237' title='bbox 506 2123 552 2168; x_wconf 89' lang='lat' dir='ltr'>in</span> <span class='ocrx_word' id='word_1_238' title='bbox 573 2123 720 2168; x_wconf 85' lang='lat' dir='ltr'>matris</span> <span class='ocrx_word' id='word_1_239' title='bbox 762 2137 851 2167; x_wconf 85' lang='lat' dir='ltr'>suae</span> <span class='ocrx_word' id='word_1_240' title='bbox 874 2121 1044 2183; x_wconf 89' lang='lat' dir='ltr'>pudore</span> <span class='ocrx_word' id='word_1_241' title='bbox 1065 2122 1360 2183; x_wconf 76' lang='lat' dir='ltr'>deprehendi?</span> <span class='ocrx_word' id='word_1_242' title='bbox 1386 2122 1463 2168; x_wconf 88' lang='lat' dir='ltr'>sed</span> 
     </span>
     <span class='ocr_line' id='line_1_29' title="bbox 72 2191 1461 2256; baseline -0.001 -17"><span class='ocrx_word' id='word_1_243' title='bbox 72 2213 95 2238; x_wconf 77' lang='grc' dir='ltr'>(ι</span> <span class='ocrx_word' id='word_1_244' title='bbox 129 2194 351 2256; x_wconf 86' lang='lat' dir='ltr'>Replevit,</span> <span class='ocrx_word' id='word_1_245' title='bbox 376 2193 542 2256; x_wconf 86' lang='lat' dir='ltr'>inquis,</span> <span class='ocrx_word' id='word_1_246' title='bbox 567 2193 613 2238; x_wconf 92' lang='lat' dir='ltr'>in</span> <span class='ocrx_word' id='word_1_247' title='bbox 636 2191 785 2238; x_wconf 91' lang='lat' dir='ltr'>locum</span> <span class='ocrx_word' id='word_1_248' title='bbox 807 2194 899 2254; x_wconf 88' lang='lat' dir='ltr'>ejus</span> <span class='ocrx_word' id='word_1_249' title='bbox 932 2208 1109 2238; x_wconf 83' lang='lat' dir='ltr'>carnem</span> <span class='ocrx_word' id='word_1_250' title='bbox 1130 2195 1193 2252; x_wconf 82' lang='lat' dir='ltr'>(c)</span> <span class='ocrx_word' id='word_1_251' title='bbox 1221 2211 1241 2234; x_wconf 88' lang='lat'>»</span> <span class='ocrx_word' id='word_1_252' title='bbox 1263 2228 1273 2249; x_wconf 94' lang='lat'>,</span> <span class='ocrx_word' id='word_1_253' title='bbox 1301 2202 1345 2238; x_wconf 88' lang='lat' dir='ltr'>et</span> <span class='ocrx_word' id='word_1_254' title='bbox 1372 2209 1461 2238; x_wconf 91' lang='lat' dir='ltr'>non</span> 
     </span>
     <span class='ocr_line' id='line_1_30' title="bbox 69 2264 1460 2325; baseline -0.001 -16"><span class='ocrx_word' id='word_1_255' title='bbox 69 2264 264 2325; x_wconf 87' lang='lat' dir='ltr'>prodidit</span> <span class='ocrx_word' id='word_1_256' title='bbox 292 2264 551 2325; x_wconf 85' lang='lat' dir='ltr'>passionem.</span> <span class='ocrx_word' id='word_1_257' title='bbox 583 2264 651 2310; x_wconf 92' lang='lat' dir='ltr'>Sic</span> <span class='ocrx_word' id='word_1_258' title='bbox 673 2279 725 2308; x_wconf 85' lang='lat' dir='ltr'>ex</span> <span class='ocrx_word' id='word_1_259' title='bbox 752 2272 879 2308; x_wconf 89' lang='lat' dir='ltr'>utero</span> <span class='ocrx_word' id='word_1_260' title='bbox 900 2264 1141 2323; x_wconf 89' lang='lat' dir='ltr'>procedens</span> <span class='ocrx_word' id='word_1_261' title='bbox 1162 2264 1357 2308; x_wconf 85' lang='lat' dir='ltr'>Verbum</span> <span class='ocrx_word' id='word_1_262' title='bbox 1378 2264 1460 2308; x_wconf 84' lang='lat' dir='ltr'>ha-</span> 
     </span>
     <span class='ocr_line' id='line_1_31' title="bbox 70 2334 1459 2395; baseline -0.001 -15"><span class='ocrx_word' id='word_1_263' title='bbox 70 2336 168 2380; x_wconf 86' lang='lat' dir='ltr'>buit</span> <span class='ocrx_word' id='word_1_264' title='bbox 194 2335 380 2390; x_wconf 78' lang='lat' dir='ltr'>exitum,</span> <span class='ocrx_word' id='word_1_265' title='bbox 405 2335 482 2380; x_wconf 88' lang='lat' dir='ltr'>sed</span> <span class='ocrx_word' id='word_1_266' title='bbox 511 2350 601 2380; x_wconf 91' lang='lat' dir='ltr'>non</span> <span class='ocrx_word' id='word_1_267' title='bbox 622 2334 804 2395; x_wconf 89' lang='lat' dir='ltr'>diripuit</span> <span class='ocrx_word' id='word_1_268' title='bbox 825 2334 1061 2394; x_wconf 89' lang='lat' dir='ltr'>pudorem,</span> <span class='ocrx_word' id='word_1_269' title='bbox 1089 2349 1170 2380; x_wconf 88' lang='lat' dir='ltr'>nec</span> <span class='ocrx_word' id='word_1_270' title='bbox 1201 2334 1375 2394; x_wconf 81' lang='lat' dir='ltr'>signum</span> <span class='ocrx_word' id='word_1_271' title='bbox 1397 2335 1459 2378; x_wconf 91' lang='lat' dir='ltr'>ibi</span> 
     </span>
     <span class='ocr_line' id='line_1_32' title="bbox 70 2405 1455 2468; baseline -0.001 -18"><span class='ocrx_word' id='word_1_272' title='bbox 70 2405 248 2468; x_wconf 85' lang='lat' dir='ltr'>reliquit</span> <span class='ocrx_word' id='word_1_273' title='bbox 273 2406 583 2467; x_wconf 88' lang='lat' dir='ltr'>corruptionis,</span> <span class='ocrx_word' id='word_1_274' title='bbox 613 2405 690 2451; x_wconf 88' lang='lat' dir='ltr'>ubi</span> <span class='ocrx_word' id='word_1_275' title='bbox 720 2421 829 2467; x_wconf 93' lang='lat' dir='ltr'>opus</span> <span class='ocrx_word' id='word_1_276' title='bbox 863 2406 1070 2450; x_wconf 86' lang='lat' dir='ltr'>intererat</span> <span class='ocrx_word' id='word_1_277' title='bbox 1103 2405 1455 2466; x_wconf 77' lang='lat' dir='ltr'>incomparandae</span> 
     </span>
    </p>
   </div>
   <div class='ocr_carea' id='block_1_3' title="bbox 115 2501 1129 2615">
    <p class='ocr_par' dir='ltr' id='par_1_3' title="bbox 115 2501 1129 2615">
     <span class='ocr_line' id='line_1_33' title="bbox 115 2501 1129 2547; baseline 0.001 -12"><span class='ocrx_word' id='word_1_278' title='bbox 115 2501 162 2544; x_wconf 83' lang='lat' dir='ltr'>(a)</span> <span class='ocrx_word' id='word_1_279' title='bbox 180 2501 259 2535; x_wconf 86' lang='lat' dir='ltr'>Psal.</span> <span class='ocrx_word' id='word_1_280' title='bbox 283 2512 370 2546; x_wconf 61' lang='lat' dir='ltr'>mxxi,</span> <span class='ocrx_word' id='word_1_281' title='bbox 387 2502 421 2536; x_wconf 89' lang='grc'>6.</span> <span class='ocrx_word' id='word_1_282' title='bbox 442 2519 484 2526; x_wconf 88' lang='grc'>-</span> <span class='ocrx_word' id='word_1_283' title='bbox 508 2502 551 2545; x_wconf 80' lang='lat' dir='ltr'>(h)</span> <span class='ocrx_word' id='word_1_284' title='bbox 570 2503 617 2539; x_wconf 79' lang='lat' dir='ltr'>m.</span> <span class='ocrx_word' id='word_1_285' title='bbox 638 2512 723 2546; x_wconf 66' lang='lat' dir='ltr'>xiix,</span> <span class='ocrx_word' id='word_1_286' title='bbox 741 2514 772 2547; x_wconf 82' lang='lat'>7.</span> <span class='ocrx_word' id='word_1_287' title='bbox 793 2519 835 2528; x_wconf 90' lang='lat'><em>-</em></span> <span class='ocrx_word' id='word_1_288' title='bbox 860 2501 902 2544; x_wconf 85' lang='lat' dir='ltr'>(c)</span> <span class='ocrx_word' id='word_1_289' title='bbox 921 2504 1001 2537; x_wconf 85' lang='lat' dir='ltr'>Gen.</span> <span class='ocrx_word' id='word_1_290' title='bbox 1023 2512 1059 2545; x_wconf 87' lang='lat' dir='ltr'>n,</span> <span class='ocrx_word' id='word_1_291' title='bbox 1074 2510 1129 2536; x_wconf 86' lang='lat'>21.</span> 
     </span>
     <span class='ocr_line' id='line_1_34' title="bbox 117 2568 519 2615; baseline 0.002 -12"><span class='ocrx_word' id='word_1_292' title='bbox 117 2574 128 2594; x_wconf 86' lang='lat'>¹</span> <span class='ocrx_word' id='word_1_293' title='bbox 145 2569 252 2603; x_wconf 78' lang='lat' dir='ltr'>Codex</span> <span class='ocrx_word' id='word_1_294' title='bbox 265 2569 348 2605; x_wconf 83' lang='lat' dir='ltr'>male</span> <span class='ocrx_word' id='word_1_295' title='bbox 370 2568 519 2615; x_wconf 78' lang='lat' dir='ltr'>quando.</span> 
     </span>
    </p>
   </div>
  </div>
 </body>
</html>
