1803 3276
282 287 422 315 SEnMo
456 286 594 313 xxxxi.
632 289 673 313 m
710 286 859 314 menis
892 288 1168 317 inxscimiimts
1202 294 1230 317 1.
1366 283 1448 321 207

60 354 294 398 trectravit.
332 357 501 399 Morsus
544 353 735 413 praedam
777 370 865 398 non
906 355 1157 414 discerpsit,
1204 357 1448 406 immanitas

60 424 262 482 gutturis,
296 433 339 468 et
364 423 551 468 latitudo
574 424 789 481 voraginis
810 440 950 468 escam
980 440 1069 468 non
1093 427 1283 472 attritam
1307 445 1383 488 per
1406 448 1449 475 sc

58 495 257 540 transisse
279 511 360 540 nec
388 495 534 539 sensit.
567 497 872 554 Expavescunt
897 495 1058 539 viscera
1095 497 1244 541 cibum
1272 534 1282 554 ,
1319 516 1449 560 quem

57 580 137 610 nec
160 565 303 610 calore
327 565 516 611 naturali
547 581 755 627 coquere,
789 582 868 610 nec
900 582 978 626 per
1002 567 1231 626 pudendas
1259 574 1451 631 corporis

56 646 198 696 partes
216 652 388 696 egerere
401 647 657 698 potuerunt.
688 637 912 682 Habitavit
938 639 1082 698 potius
1123 639 1167 683 in
1203 649 1328 686 utero
1367 645 1452 688 ceti

57 710 214 764 Jonas,
239 717 283 752 et
309 708 515 754 domicilii
538 708 729 770 quodam
764 708 895 754 modo
931 709 1168 766 interioris,
1211 710 1349 757 factus
1389 725 1454 760 est

55 777 199 823 incola
219 780 407 836 ventris,
441 790 491 824 ut
510 780 572 824 ibi
592 796 670 840 per
700 779 896 825 triduum
913 796 1004 825 non
1028 779 1168 825 solum
1193 782 1342 829 vivens
1365 785 1452 830 du-

55 858 184 905 raret,
209 848 287 895 sed
307 851 439 896 etiam
453 850 770 912 supplicatione
792 861 998 897 consueta
1012 852 1090 896 Dei
1111 853 1451 901 misericordiam

55 919 314 980 acquireret.

113 992 196 1036 III.
238 992 337 1037 Ibat
363 992 557 1053 (igitur)
589 995 603 1019 1
631 992 770 1052 gravis
798 1008 876 1052 per
905 993 1071 1038 diversa
1103 994 1259 1038 marini
1293 995 1450 1043 littoris

51 1061 207 1120 bestia,
232 1063 356 1125 quod
376 1063 629 1109 comederat
648 1080 764 1110 novo
786 1064 966 1123 gerendi
992 1080 1151 1125 genere
1168 1067 1334 1127 superis
1356 1070 1454 1114 red-

50 1131 212 1180 ditura.
240 1137 355 1181 Cum
386 1151 490 1181 vero
520 1136 635 1181 inter
660 1152 835 1197 spumas
868 1136 1002 1181 undae
1037 1138 1290 1184 fluctuantis
1319 1143 1453 1186 Jonas

51 1205 143 1250 sine
165 1205 360 1267 periculo
382 1217 645 1268 portaretur,
666 1207 885 1269 praedonis
902 1218 1055 1254 ventre
1069 1219 1281 1266 servatus,
1303 1212 1451 1258 subito

50 1275 199 1323 divina
216 1278 493 1324 Providentia
514 1278 651 1325 littori
668 1280 804 1325 bestia
826 1280 1124 1340 proximatur,
1149 1291 1193 1326 et
1210 1298 1341 1342 quem
1366 1284 1448 1328 tri-

51 1347 140 1394 duo
168 1350 214 1394 in
247 1349 370 1396 alveo
406 1352 568 1396 ventris
598 1353 783 1397 servavit
809 1351 1011 1407 illaesum,
1048 1353 1168 1397 hunc
1191 1370 1214 1398 a
1241 1354 1450 1401 vulnifico

52 1416 184 1465 dente
205 1421 252 1466 in
272 1422 416 1468 littora
446 1423 595 1484 rejecit
617 1424 846 1468 intactum.
878 1424 958 1468 Hic
983 1423 1070 1467 cibi
1097 1424 1317 1469 calamitas
1345 1442 1450 1486 pro-

51 1488 151 1548 fm't,
172 1502 216 1537 et
237 1492 292 1537 de
314 1510 392 1538 suo
409 1493 589 1538 interitu
604 1494 800 1540 redivivo
820 1494 1005 1539 salutem
1030 1494 1121 1539 aliis
1143 1495 1345 1541 contulit.

112 1563 283 1608 IV.Hic
295 1566 405 1625 jam,
420 1566 592 1611 Fratres
611 1566 975 1627 charissimi,post
998 1568 1126 1627 hujus
1148 1567 1340 1612 historice
1362 1568 1452 1614 dis-

52 1634 351 1695 putationem,
387 1639 679 1698 quanrJonae
712 1638 940 1697 prophetae
963 1636 1145 1681 decursa
1166 1637 1332 1683 locutio
1370 1638 1450 1683 de-

51 1707 334 1764 monstravit,
355 1707 533 1769 qualem
566 1708 611 1752 in
634 1724 677 1752 se
700 1708 858 1752 habeat
881 1708 1082 1765 figuram,
1115 1710 1301 1755 Domino
1324 1710 1452 1771 adju-

52 1788 182 1824 vante
219 1788 263 1823 et
291 1779 508 1837 donante,
545 1780 845 1825 demonstrare
879 1796 1105 1825 conemur.
1145 1783 1298 1842 Neque
1335 1782 1453 1828 enim

53 1851 199 1896 omnia
230 1868 330 1913 quae
356 1852 404 1897 in
434 1852 664 1914 praeteritis
697 1851 813 1897 facta
847 1861 971 1907 sunt,
1008 1853 1102 1897 haec
1132 1850 1222 1896 sola
1249 1853 1452 1899 humanis

53 1922 249 1967 sensibus
271 1923 470 1969 sufficere
488 1923 724 1969 credantur
733 1928 766 1979 ²,
793 1922 870 1968 sed
898 1924 1052 1982 figurae
1075 1921 1256 1968 fuerunt
1272 1923 1451 1971 fiituro-

53 2008 153 2038 rum
168 2028 180 2050 ,
201 2003 253 2038 ut
273 1994 559 2055 subsequenti
580 2004 777 2054 tempore
801 1994 847 2038 in
868 1995 1043 2039 Christo
1075 1995 1332 2041 mirabiliter
1366 1997 1449 2042 im-

53 2063 304 2125 plerentur,
331 2066 441 2111 sicut
463 2065 698 2126 Apostolus
721 2065 828 2110 dicit
850 2085 858 2110 :
889 2085 908 2108 «
935 2067 1093 2111 Omnia
1123 2077 1270 2111 autem
1292 2069 1387 2114 haec
1405 2070 1451 2114 in

58 2153 79 2178 »
114 2136 255 2196 figura
275 2137 592 2197 contingebant
627 2137 712 2182 illis
735 2142 816 2194 (α).
845 2155 866 2178 »
894 2140 1003 2183 Nam
1026 2138 1182 2184 Ninive
1205 2139 1354 2185 civitas
1377 2140 1451 2185 illa

54 2222 231 2267 magna,
249 2207 304 2254 ad
317 2224 449 2271 quam
463 2211 611 2265 Jonas,
635 2207 897 2269 praedicator
909 2209 1000 2269 ejus
1019 2209 1327 2266 subversionis,
1352 2212 1451 2256 mit-

55 2278 258 2335 tebatur,
282 2281 468 2338 figuram
489 2280 623 2325 totius
645 2278 802 2324 mundi
831 2280 1053 2339 gestabat,
1085 2281 1160 2341 qui
1190 2280 1446 2327 idololatriis

57 2359 102 2395 et
121 2348 389 2396 facinoribus
410 2350 560 2395 multis
581 2350 766 2396 ardebat
785 2371 794 2396 ε
814 2353 837 2395 J
842 2366 972 2395 onam
989 2367 1092 2396 vero
1109 2368 1340 2411 personam
1362 2358 1452 2399 Do-

56 2422 165 2467 mini
186 2421 348 2467 Christi
369 2422 595 2482 designare
613 2421 893 2467 manifestum
917 2431 994 2466 est.
1020 2423 1147 2467 Navis
1168 2439 1272 2469 vero
1294 2425 1340 2469 in
1362 2441 1451 2486 qua

59 2494 194 2538 Jonas
207 2491 377 2553 fugiens
391 2493 653 2550 dormiebat,
675 2508 893 2553 synagoga
907 2496 931 2537 J
935 2493 1163 2539 udaeorum
1174 2494 1446 2555 intelligitur.

104 2588 154 2632 (α)
178 2602 191 2622 1
211 2592 284 2624 Cor.
304 2600 346 2633 x,
368 2602 420 2624 11.

108 2663 118 2682 ¹
130 2658 238 2693 codex
253 2657 356 2694 habet
370 2657 493 2695 litteras
509 2659 576 2694 sine
591 2668 685 2692 sensu
702 2665 756 2692 cet
772 2665 815 2692 et.
834 2674 875 2681 -—
904 2664 917 2682 ²
931 2658 977 2690 ld.
1005 2657 1088 2691 male
1104 2657 1343 2692 credebantur.
