1803 3276
476 206 615 234 smmo
647 206 809 235 xxxiii.
845 206 901 234 DE
934 203 1089 234 PAsan
1124 206 1222 233 x111.
1471 196 1547 235 191

160 280 277 316 trum
305 270 538 329 gratulatio
561 271 840 318 coucelebrat
861 280 905 316 et
930 271 1129 326 miratur,
1161 271 1217 316 de
1232 270 1394 332 quibus
1415 271 1551 317 etiam

158 341 394 387 rectissime
424 340 594 388 dictum
627 342 820 388 creditur
848 362 858 388 :
889 362 910 386 «
936 342 1016 388 Hic
1050 340 1140 386 dies
1165 358 1299 403 quem
1327 342 1431 388 fecit
1462 346 1552 389 Do-

162 430 183 454 »
217 412 411 472 minus¹3
445 415 616 460 vocavit
646 414 767 458 enim
802 417 916 459 Deus
950 413 1097 458 lucem
1125 413 1244 459 diem
1266 415 1359 472 (a);
1385 432 1406 457 »
1450 430 1550 471 vos,

156 483 363 546 inquam,
403 486 720 533 oDilectissimi
740 521 752 544 ‚
786 496 932 532 tenete
970 483 1142 531 fortiter
1167 485 1289 546 quod
1310 486 1548 546 accepistis.

159 556 437 603 Sacramenta
464 558 710 604 christianae
727 556 945 617 religionis
972 557 1018 602 in
1038 556 1163 602 vobis
1180 555 1427 617 plenissime
1444 572 1552 602 con-

156 638 372 674 summata
398 638 516 675 sunt.
542 633 724 676 AEterno
745 638 789 675 et
814 628 981 675 coelesti
1011 629 1121 689 Regi
1139 629 1232 691 jam
1262 627 1449 673 militare
1463 643 1556 673 coe-

155 698 291 758 pistis.
321 702 439 746 State
468 717 587 747 nunc
614 701 799 748 viriliter
824 710 977 747 contra
998 716 1149 746 omnes
1170 698 1346 745 insidias
1362 699 1552 755 inimici,

156 769 261 831 quia
288 770 363 816 ille
389 771 588 832 profecto
614 794 634 817 α
663 773 958 820 Coronabitur
985 772 1061 834 qui
1082 771 1275 830 legitime
1302 772 1555 817 decertave—

160 860 191 884 »‘
211 841 267 888 rit
277 841 360 903 (b).
388 862 419 887 »r
437 847 489 890 In
503 862 738 891 commune
760 862 865 892 vcro
881 844 1070 891 universi
1091 852 1346 889 monentem
1365 846 1555 903 Aposto-

154 911 249 959 lum
272 914 524 962 audiamus:
551 936 571 961 (ε
596 919 774 974 Omnes,
794 917 953 978 inquit,
980 931 1056 961 vos
1073 914 1151 959 filii
1167 914 1280 958 lucis
1296 914 1395 958 estis
1415 923 1459 958 et
1477 913 1555 958 filii

158 1004 180 1028 »
215 986 318 1044 diei,
347 1004 439 1034 non
459 1005 610 1034 sumus
631 990 770 1035 noctis
801 1005 945 1050 neque
968 987 1252 1032 tenebrarum
1273 988 1352 1045 (c).
1374 1004 1395 1028 »
1418 985 1557 1044 Igitur

154 1055 202 1102 in
217 1067 308 1103 tam
335 1059 519 1104 solemni
546 1060 645 1106 luce
655 1063 687 1117 2,
712 1070 893 1121 tamque
919 1058 1037 1105 claro
1064 1056 1421 1103 sanctificationis
1444 1065 1558 1101 tem-

152 1143 259 1190 pore
276 1132 399 1176 «Non
410 1131 678 1177 dormiamus
695 1150 715 1174 >›
731 1148 885 1177 somno
896 1130 1079 1192 peccati,
1090 1129 1168 1175 sed
1180 1128 1444 1188 «Vigilemus
1462 1146 1482 1169 »
1500 1126 1557 1172 ad

155 1215 286 1246 omne
299 1218 407 1263 opus
420 1202 614 1263 bonum3
634 1224 654 1247 «
663 1204 893 1265 Simusque
904 1203 1068 1249 sobrii»
1084 1210 1128 1246 et
1140 1209 1287 1246 mente
1302 1209 1344 1245 et
1357 1214 1554 1259 corpore.

153 1273 444 1320 Ambulemus
469 1274 582 1321 sicut
608 1275 687 1320 filii
710 1275 835 1320 lucis.
864 1294 885 1318 «
911 1277 1100 1320 Fructus
1122 1281 1272 1318 autem
1297 1269 1408 1316 lucis
1429 1279 1495 1315 est
1511 1270 1558 1314 in

154 1361 176 1387 »
211 1346 332 1391 omni
348 1346 562 1403 bonitate,
579 1356 622 1391 et
633 1347 801 1408 justitia
819 1356 862 1391 et
875 1345 1056 1391 veritate
1067 1342 1154 1404 (cl).
1175 1341 1421 1403 Epulemur
1436 1357 1561 1386 sanc-

154 1432 177 1459 »
210 1426 307 1462 tum
324 1419 490 1464 Pascha
513 1434 604 1464 non
621 1418 667 1462 in
684 1417 900 1463 fermento
921 1416 1060 1463 veteri
1070 1407 1255 1460 'malitiae
1274 1423 1319 1459 et
1331 1413 1556 1474 nequitiae,

154 1504 178 1531 >›
211 1488 290 1534 sed
309 1490 357 1535 in
384 1490 544 1549 azymis
574 1489 830 1535 sinceritatis
862 1498 906 1533 et
927 1486 1123 1533 veritatis
1156 1487 1235 1546 (e).
1275 1503 1297 1527 »
1329 1484 1560 1531 Festivitas

153 1560 272 1605 enim
296 1561 392 1607 haec
407 1565 565 1621 magna
582 1559 817 1622 spiritualis
834 1561 881 1606 in
897 1559 1025 1605 nobis
1044 1568 1109 1604 est
1128 1558 1265 1604 Verbi
1287 1556 1377 1613 Dei,
1399 1565 1443 1602 et
1466 1555 1560 1601 Sal-

152 1632 312 1679 vatoris
322 1633 475 1690 nostri,
492 1634 571 1695 qui
585 1652 607 1676 «
619 1636 672 1678 In
681 1632 896 1694 principio
916 1630 1035 1693 apud
1054 1635 1227 1676 Patrem
1238 1633 1353 1674 Deus
1362 1627 1561 1673 Verbum

155 1721 180 1747 ³)
213 1714 331 1762 erat,
355 1715 400 1751 et
418 1706 618 1750 Verbum
635 1720 735 1750 caro
757 1703 924 1749 factum
946 1712 1027 1759 est,
1048 1712 1092 1747 et
1106 1700 1324 1746 habitavit
1341 1700 1387 1744 in
1403 1699 1531 1745 nobis
1545 1733 1556 1754 ‚

154 1795 178 1820 7>
213 1787 258 1822 et
270 1793 370 1823 ecce
381 1777 572 1824 vidimus
593 1787 637 1822 et
653 1777 870 1823 credimus
893 1776 1076 1836 gloriam
1096 1775 1186 1835 ojus
1202 1772 1304 1836 (f),
1324 1789 1345 1815 »
1364 1771 1560 1833 quicum

152 1849 210 1894 sit
230 1850 653 1909 UnigenitusPat1*iS‚
670 1849 873 1909 dignatus
891 1857 956 1893 est
968 1857 1116 1892 tamen
1129 1844 1293 1890 habere
1314 1852 1554 1889 consortes.

154 1923 192 1966 Ο
215 1921 324 1966 mira
345 1931 390 1967 et
407 1921 644 1966 ineffabilis
665 1921 824 1981 pietas!
846 1919 933 1974 Qui
954 1917 1126 1963 dudum
1145 1931 1316 1960 eramus
1330 1914 1441 1959 servi
1463 1914 1560 1958 inu-

152 1993 267 2050 tiles,
293 1988 469 2039 Domini
516 1993 654 2038 nostri
686 1991 866 2049 fratres,
899 2000 945 2036 et
964 1987 1214 2035 cohaeredes
1235 1987 1369 2047 ipsius
1408 1985 1554 2032 vocari

150 2066 244 2126 jam
265 2073 309 2109 et
329 2080 419 2109 esse
440 2062 696 2109 meruimus.

216 2139 293 2182 IV.
316 2137 436 2183 Nihil
457 2151 558 2196 ergo
579 2135 768 2192 carnale,
793 2135 903 2180 nihil
924 2133 1160 2193 indignum
1181 2131 1230 2175 in
1250 2138 1374 2175 tanta
1397 2128 1556 2174 divinae

157 2209 306 2268 gratiae
336 2207 487 2253 laetitia
509 2217 824 2269 perpetremus.
861 2204 1126 2250 Indecorum
1147 2202 1312 2263 quippe
1335 2217 1384 2246 ac
1405 2199 1555 2260 perni-

157 2281 323 2327 ciosum
350 2290 415 2326 est
442 2281 523 2326 sub
551 2281 777 2326 occasione
800 2277 1043 2323 festivitatis
1071 2277 1132 2320 ita
1153 2273 1385 2333 indulgere
1418 2272 1557 2317 refec-

159 2353 269 2399 tioni
302 2351 571 2413 corpusculi,
606 2361 659 2397 ut
690 2348 886 2398 notanda
921 2348 1068 2410 aliqua
1104 2362 1154 2392 ac
1181 2345 1321 2406 turpis
1349 2344 1559 2404 subrepat

206 2463 252 2506 (a)
270 2467 350 2500 Gen.
375 2476 388 2498 1
403 2490 413 2508 ‚
432 2464 465 2498 5.
496 2481 539 2487 -
557 2462 602 2506 (b)
620 2471 640 2496 2
662 2461 743 2496 Tim.
760 2472 785 2495 ιι
799 2486 808 2504 ,
823 2460 856 2494 5.
872 2478 914 2484 -
932 2459 976 2501 (c)
993 2469 1007 2493 1
1024 2457 1166 2492 Thessal.
1186 2467 1225 2500 V,
1244 2454 1276 2488 5.
1296 2471 1336 2479 —-
1360 2452 1553 2497 (d)ll›id.9,

162 2537 204 2545 -—-
228 2520 271 2563 (e)
292 2532 305 2554 1
327 2522 401 2554 Gor.
420 2532 453 2564 v,
471 2520 503 2553 8.
524 2536 566 2544 -
591 2518 656 2564 (f)
673 2520 766 2552 Joan.
791 2529 824 2558 1,
846 2514 938 2558 1-14.

212 2595 221 2613 ¹
236 2588 315 2622 Vide
332 2589 434 2624 Serm.
455 2598 577 2622 ccxxvt.
592 2603 634 2612 -·
659 2594 673 2613 ²
689 2587 734 2620 Id.
753 2596 853 2620 ccxxu
867 2609 876 2628 ,
896 2588 930 2618 et
945 2594 1069 2617 ccxxiii.
