1803 3276
293 199 377 241 246
734 209 768 239 S.
805 210 1035 239 Arois-mm
1068 201 1250 239 'Emscom

290 277 650 338 comprchemlit3
671 277 788 322 stetit
818 277 862 321 in
901 275 1025 322 fauce
1046 273 1212 336 libido,
1240 277 1289 321 fit
1316 275 1445 337 longa
1478 278 1677 333 certatio,

289 351 334 395 in
367 366 453 411 qua
488 349 756 408 Angelorum
778 359 822 394 et
850 349 1104 394 daemonum
1126 359 1284 410 praeStO
1317 359 1382 394 est
1419 352 1676 410 expectatio.

287 425 532 482 Expectant
556 423 730 484 utrique
754 421 988 477 exercitus,
1017 421 1192 484 utrique
1208 421 1429 467 certatim¹
1452 421 1682 466 libidinem

288 503 331 538 et
349 494 593 539 castitatem
616 502 861 555 pugnantes
875 492 1087 538 sustinent
1103 529 1113 549 ,
1139 494 1235 555 quis
1252 493 1307 538 de
1321 492 1495 538 duobus
1507 493 1681 538 vincere

286 565 512 627 potuisset.
540 567 563 609 J
569 565 702 625 oseph
726 565 954 608 desursum
975 563 1130 623 Angeli
1154 563 1486 619 confortabant,
1512 566 1683 624 AEgyp-

285 639 390 683 tiam
412 636 616 682 deorsum
639 636 861 681 daemones
882 637 1206 697 provocabant,
1230 635 1293 680 illi
1307 637 1515 698 juvenem
1538 645 1683 697 prote-

285 711 447 772 gebant
468 745 478 765 ,
502 708 621 753 illam
661 707 881 754 daemones
919 708 1257 770 compellebant.
1284 711 1342 754 Et
1383 718 1599 770 quantum
1636 709 1683 753 in

283 782 357 827 illa
401 779 603 825 ardorem
652 781 844 841 corporis
889 780 1110 826 daemones
1159 781 1429 826 suscitabant
1450 816 1461 836 ,
1509 789 1682 825 tantum

283 854 482 900 Christus
505 868 584 897 suo
608 851 735 896 militi
769 851 993 913 duplicata
1028 869 1147 897 arma
1180 853 1369 914 desuper
1390 853 1678 898 ministrabat.

283 929 374 973 Nec
396 933 597 986 poterant
621 923 823 984 pestifera
850 922 1150 969 blandimenta
1178 934 1294 970 casta
1316 934 1549 970 concutere
1576 922 1682 969 fun-

282 997 487 1042 damenta
506 1018 516 1055 3
534 989 637 1057 quia
654 1005 703 1040 ut
725 1012 816 1040 non
832 1005 1112 1041 moverentur
1131 995 1303 1041 occulta
1326 1005 1505 1052 secreta,
1520 994 1682 1055 Joseph

281 1068 493 1115 fundatus
516 1066 658 1112 l'ucrat
671 1083 800 1128 super
812 1076 993 1128 petram.
1016 1067 1431 1129 Alloquituritaque
1447 1065 1681 1128 impudens

282 1140 466 1185 foemma
490 1138 748 1183 conclusum
777 1139 823 1182 in
852 1138 1058 1184 cubiculo
1078 1142 1308 1200 juvenem,
1349 1139 1552 1199 primitus
1580 1154 1681 1183 ver-

280 1210 373 1257 ])ἰ52
394 1209 638 1253 minacibus
663 1217 826 1253 terrens
841 1245 852 1266 ,
883 1219 926 1254 et
948 1211 1006 1255 sic
1026 1219 1174 1270 postea
1198 1208 1503 1254 blandimenta
1536 1219 1683 1255 osten-

283 1284 390 1327 dens
414 1301 422 1328 :
452 1282 638 1327 Domina
666 1297 763 1325 sum
780 1318 791 1338 ,
828 1283 993 1344 inquit,
1027 1292 1124 1339 tua,
1158 1292 1202 1328 et
1223 1282 1409 1328 maxima
1430 1284 1616 1344 pecunia
1639 1293 1683 1329 te

281 1355 390 1400 mihi
414 1355 457 1399 in
480 1353 696 1399 famulum
712 1355 988 1416 comparavi,
1009 1356 1083 1417 qui
1097 1355 1178 1401 nisi
1203 1372 1461 1401 consensum
1485 1356 1678 1414 dederis,

280 1426 455 1472 vincula
479 1437 521 1471 te
544 1427 810 1484 manebunt,
837 1436 880 1472 et
902 1444 1117 1484 carceres,
1146 1438 1278 1490 atque
1313 1429 1451 1474 exitus
1473 1427 1683 1490 implaca-

279 1498 415 1557 biles,
439 1499 473 1544 si
495 1515 598 1544 vero
621 1499 908 1556 consenseris,
935 1500 982 1545 in
1002 1501 1170 1546 honore
1192 1501 1381 1546 maximo
1396 1502 1498 1558 eris,
1526 1511 1568 1547 et
1587 1516 1682 1546 om-

280 1572 353 1616 nia
398 1572 443 1616 in
477 1581 555 1617 tuo
591 1571 787 1617 dominio
820 1571 1054 1618 obtinebis.
1094 1573 1179 1619 Sed
1203 1572 1386 1619 forsitan
1421 1574 1682 1621 domesticos

280 1647 427 1703 times,
453 1657 530 1692 aut
541 1647 685 1692 virum
699 1662 845 1692 meum
863 1648 1022 1692 metuis
1037 1669 1047 1707 3
1063 1665 1154 1694 non
1168 1648 1320 1693 timeas
1333 1684 1344 1704 ,
1358 1663 1448 1692 non
1469 1647 1678 1705 verearis,

281 1718 431 1764 nullus
446 1720 589 1775 videt,
617 1719 764 1765 nullus
786 1721 995 1782 inquiret.
1020 1724 1199 1781 Ignorat
1232 1722 1297 1767 vir
1325 1737 1447 1765 meus
1471 1719 1581 1782 quid
1603 1736 1680 1766 co-

280 1791 433 1851 gitavit
455 1791 625 1836 animus
648 1807 782 1836 meus.
812 1794 1037 1852 Cognosce
1061 1808 1161 1837 eum
1195 1792 1358 1851 latere,
1390 1801 1563 1837 tantum
1592 1790 1680 1837 fes-

279 1863 369 1907 tina
393 1879 493 1923 quae
517 1862 749 1923 postularis
766 1863 962 1923 implere.
980 1863 1137 1909 Nullus
1159 1864 1267 1909 scire
1284 1873 1427 1925 potest
1444 1872 1676 1921 secretum,

278 1933 427 1980 nullus
465 1935 716 1994 negotium,
743 1951 844 1980 cum
876 1934 1010 1980 fuerit
1053 1936 1357 1997 adimpletum.
1383 1936 1679 1982 Aceommoda

272 2009 365 2070 jam
387 2007 611 2062 animum,
637 2016 679 2051 et
709 2023 807 2052 meo
841 2006 1058 2052 desiderio
1096 2008 1246 2068 praebe
1281 2007 1500 2052 solatium.
1537 2009 1679 2052 Omne

279 2079 360 2123 tibi
383 2079 552 2124 tradam
574 2078 824 2140 imperium,
855 2079 889 2123 si
917 2095 1067 2124 meum
1088 2078 1222 2125 modo
1245 2078 1490 2141 impleveris
1505 2078 1678 2125 deside-

278 2151 409 2196 rium.
1123 2165 1129 2168 ·

337 2226 413 2268 IV.
449 2226 506 2268 Et
534 2223 697 2284 Joseph
725 2242 734 2268 :
775 2224 812 2268 Ο
831 2221 1011 2280 mulier,
1046 2223 1214 2285 inquit,
1237 2222 1442 2285 pestifera
1460 2248 1483 2281 ,·
1502 2240 1678 2286 serpens

275 2304 320 2339 et
346 2295 515 2355 vipera,
543 2294 649 2355 quid
679 2291 993 2340 blandimentis
1018 2294 1229 2356 laqueum
1253 2311 1491 2357 praeparas,
1520 2305 1564 2341 et
1591 2297 1677 2341 mei

273 2367 410 2412 animi
443 2367 725 2411 devotionem
743 2367 958 2437 exagitas?
981 2367 1099 2422 Quid
1122 2368 1259 2413 dicis?
1282 2368 1390 2430 quid
1412 2369 1598 2431 quaeris?
1620 2369 1677 2415 ad

273 2438 382 2501 quid
402 2439 614 2484 hortaris?
638 2443 720 2484 Per
744 2439 854 2501 quid
876 2440 923 2484 in
945 2440 1077 2485 tantis
1100 2440 1315 2486 illecebris
1343 2441 1562 2502 fatigaris?
1584 2444 1675 2487 Re—

272 2509 370 2569 gina
398 2510 585 2567 vocaris,
618 2520 661 2556 et
689 2527 793 2556 cum
822 2527 946 2557 servo
970 2521 1012 2557 te
1041 2513 1324 2557 commiscere
1349 2512 1605 2559 delectaris?
1630 2513 1673 2560 Si

321 2612 331 2630 ¹
345 2607 452 2641 Codex
473 2606 555 2641 male
575 2615 737 2654 utrosque
759 2611 916 2643 certatio.
934 2627 977 2634 -—-
1003 2616 1016 2635 ²
1031 2612 1127 2644 Deest
1140 2611 1172 2644 in
1193 2611 1311 2646 Codice
1329 2621 1392 2646 vox
1409 2610 1537 2645 verbis.
