1803 3276
291 243 372 283 194
713 253 744 278 S.
781 252 1010 279 AtJGt's·1·1M
1044 252 1224 278 EI‘ISCOPI

287 393 642 411 ΜΜἋΜΜΜῆἪἏ
648 394 712 409 §W
718 394 782 409 ὶνὶὶ
789 394 854 409 §mx
859 394 924 409 νιἋ
932 393 996 408 §tm
1002 393 1066 408 ms
1072 393 1136 408 Ἇῶἱ
1142 390 1350 408 ἏἜῚΜἏΜ
1355 390 1420 405 §W
1427 389 1674 406 mmmm

735 528 953 576 SERMO
991 528 1220 574 xxxix]

605 675 668 718 De
690 672 853 718 Pascha
874 673 980 717 XIV
996 671 1052 716 ad
1073 670 1343 730 Neophytos.

343 807 514 854 Sermo
531 804 610 851 lzie
637 807 807 869 magni
830 806 1075 861 momenti,
1091 813 1137 850 et
1150 803 1284 850 nulla
1303 804 1490 850 ratione
1506 813 1678 848 sancto

287 879 559 943 Augustino
589 876 923 941 abnegandus.
953 876 1163 923 Eruitur
1197 893 1222 921 e
1263 874 1382 922 Cod.
1418 875 1556 921 Cass.
1589 892 1674 931 ΧΠ,

280 950 373 1013 fbl.
404 958 501 996 159..
529 948 657 1013 Ejus
679 948 810 996 locus
828 958 941 1012 post
963 946 1320 1010 praecedentem
1340 963 1450 994 cam
1482 962 1680 993 numero

287 1021 349 1069 de
368 1020 573 1070 Pascha
597 1039 689 1069 x1x.

837 1169 1127 1215 SYNOPSIS.

335 1306 367 1341 Ι.
393 1305 689 1351 Disputationem
718 1305 764 1340 de
786 1304 1036 1340 Sacramentis
1057 1304 1277 1351 J'amdudum
1300 1303 1521 1349 promissam
1538 1300 1582 1338 B.
1599 1302 1679 1340 Au-

290 1366 456 1410 gustinus
496 1364 770 1410 neophytorum
808 1364 926 1409 gratia
959 1363 1103 1408 incipit.
1138 1362 1191 1398 II.
1224 1362 1458 1397 Sacrificium
1490 1372 1595 1398 novae
1622 1363 1679 1398 le-

291 1425 343 1469 gis
373 1425 411 1459 in
438 1425 562 1460 Iocum
604 1424 809 1460 hostiarum
842 1423 1080 1468 antiquarum
1104 1423 1221 1458 venit.
1253 1420 1323 1458 111.
1361 1422 1414 1457 De
1449 1428 1680 1458 sacramento

291 1483 467 1528 Corporis
485 1489 521 1518 et
537 1483 732 1528 Sanguinis
749 1482 889 1518 Christi
907 1482 1212 1524 dicturuS‚‹locet
1226 1480 1364 1516 animas
1383 1481 1611 1517 attractione
1625 1481 1680 1517 di-

289 1543 374 1579 vina
407 1543 592 1588 indigere.
632 1543 700 1577 IV.
731 1542 907 1578 Christus
942 1548 999 1578 est
1032 1542 1138 1588 panis
1162 1542 1289 1586 vivus,
1326 1547 1361 1576 ct
1380 1542 1482 1587 panis
1500 1541 1599 1577 vitae.
1633 1540 1682 1578 V.

290 1602 439 1638 Christo
458 1602 680 1648 proponenti
700 1602 844 1648 Corpus
862 1612 970 1637 suum
991 1601 1162 1637 incibum
1178 1629 1187 1643 ‚
1203 1607 1239 1637 et
1259 1601 1532 1646 Sanguinemin
1552 1607 1683 1647 potum

291 1660 337 1696 ad
364 1661 640 1706 procurandam
666 1660 796 1696 anima}
821 1661 934 1697 vitam
955 1665 1134 1695 {eternam
1161 1660 1393 1696 credendum
1414 1665 1482 1695 cst.
1502 1659 1571 1695 Vl.
1590 1660 1683 1696 Plu·

291 1719 396 1755 ribus
419 1721 549 1756 satisfit
573 1721 861 1765 quaestionibus,
889 1726 925 1755 et
947 1720 1068 1766 primo
1092 1720 1138 1755 ad
1163 1720 1447 1755 monstrandum
1475 1719 1584 1766 hujus
1603 1730 1679 1755 ma-

291 1779 393 1814 teriae
403 1779 735 1825 opportunitatem,
745 1778 919 1825 Baptismi
935 1780 1088 1814 materia
1101 1779 1136 1813 in
1151 1778 1471 1825 comparationem
1484 1779 1682 1815 adducitur

289 1846 326 1874 et
351 1839 467 1875 fusius
489 1839 708 1886 explicatur.
735 1839 822 1875 vll.
847 1840 956 1875 Panis
981 1846 1018 1876 et
1043 1840 1172 1876 vinum
1190 1839 1227 1874 in
1252 1839 1397 1884 signum
1420 1839 1566 1875 unionis
1584 1839 1682 1876 inter

288 1896 437 1943 fideles,
463 1899 511 1934 ad
537 1903 810 1935 sacramentum
834 1911 853 1935 a
871 1900 1020 1937 Christo
1042 1900 1221 1945 adoptata
1245 1905 1346 1935 sunt.
1372 1898 1481 1935 VIII.
1507 1898 1680 1936 Christus

286 1956 324 1992 in
346 1964 576 1994 sacramento
596 1958 659 1994 dat
685 1969 773 1995 vere
785 1958 860 1995 Cor
874 1969 943 2005 pus
971 1965 1008 1995 et
1043 1958 1270 2003 Sanguinem
1301 1969 1430 2003 suum,
1462 1959 1530 1994 suh
1557 1959 1680 2005 specie

288 2023 413 2054 tamen
434 2020 536 2064 panis
561 2020 714 2063 etvini,
744 2030 791 2055 ne
822 2020 1009 2056 fastidium
1036 2026 1097 2056 aut
1123 2020 1408 2066 repugnantiam
1430 2020 1580 2054 excitet.
1607 2017 1678 2054 IX.

289 2076 436 2113 Christo
452 2078 579 2123 gratia·
598 2079 753 2123 agendae
771 2090 840 2125 pro
856 2080 953 2116 dono
973 2079 1152 2125 Corporis
1174 2079 1248 2125 sui,
1271 2079 1436 2124 fidesque
1451 2078 1557 2114 simul
1574 2078 1676 2114 aditi-

288 2135 423 2179 bcnda,
439 2147 524 2171 cum
544 2143 618 2172 tam
638 2144 767 2182 potens
784 2138 829 2175 sit
846 2139 973 2174 vinum
992 2139 1030 2173 in
1047 2138 1269 2182 Sanguinem
1287 2149 1410 2181 suum,
1422 2148 1532 2183 quam
1547 2149 1679 2184 aquam

287 2194 324 2229 in
342 2196 466 2230 vinum
481 2201 718 2231 convertere.
744 2196 794 2230 X.
812 2196 944 2232 Nullus
963 2206 1052 2241 crgo
1072 2202 1249 2241 peccator
1264 2197 1311 2232 ad
1329 2205 1599 2234 sacramentum
1614 2208 1679 2234 ac-

287 2254 415 2297 cedat,
443 2255 532 2298 quin
550 2255 663 2290 fuerit
683 2255 789 2301 prius
810 2255 887 2290 Deo
905 2256 1183 2291 reconciliatus.

347 2381 634 2423 I.NI·10P11Y'I'IS
657 2377 802 2423 debita
822 2377 1130 2424 informatione
1147 2381 1488 2441 constringimur
1509 2398 1565 2426 ne
1587 2398 1680 2426 am-

285 2451 398 2511 plius
412 2451 748 2511 disputationem
765 2455 772 2478 ¹
790 2488 800 2507 ,
823 2454 1024 2513 quamde
1047 2456 1323 2499 sacramentis
1338 2456 1650 2516 spopondimus
1664 2492 1675 2512 ‚

282 2522 552 2567 differamus.
585 2522 826 2583 Equidem,
853 2523 1144 2580 Dilectissimi,
1170 2541 1379 2585 magnum
1414 2525 1678 2588 disputatio-

328 2624 337 2642 Ι
348 2619 394 2650 De
413 2617 623 2661 disputatione
638 2623 906 2651 sacramentorum
920 2618 992 2652 vide
1009 2621 1193 2653 Sermonem
1209 2632 1342 2654 ccxxvii.
