1803 3276
307 267 390 307 234
748 280 782 307 s.
818 276 1050 306 mucosum
1081 276 1264 306 must-‚01³1

305 354 518 390 aeternum
536 379 547 400 ,
565 360 654 390 non
671 359 750 405 per
770 344 910 389 otium
923 378 933 398 ,
949 342 1026 387 sed
1041 358 1120 404 per
1136 342 1332 388 laborem
1350 341 1490 387 salvos
1510 356 1601 387 esse
1622 342 1702 388 de-

305 416 486 472 siderat,
511 426 610 476 post
642 430 792 460 omnes
815 412 1108 459 beatitudines
1135 414 1206 459 vel
1227 412 1566 459 innumerabilia
1586 429 1702 474 11180-

304 497 447 547 cepta,
472 487 704 533 novissime
727 487 839 531 hanc
852 484 1066 531 conclusit
1087 485 1343 546 parabolam
1357 521 1368 541 ,
1389 494 1440 530 ut
1459 485 1532 530 1110
1557 503 1578 528 1<
1605 484 1702 530 Sal-

307 577 327 600 »
363 575 442 603 vus
463 559 533 613 sit,
550 559 626 619 qui
646 557 983 618 perseveraverit
999 558 1196 618 usquein
1219 557 1353 601 finem
1368 561 1448 613 (a).
1469 574 1490 598 >›
1510 559 1702 601 Domum

303 631 418 675 enim
461 646 593 691 quam
631 628 848 688 significat
881 630 1142 674 aedificatam
1176 644 1308 689 supra
1349 637 1520 688 petram
1539 664 1550 684 ,
1600 644 1702 689 quae

303 700 436 745 nullis
460 699 648 745 adversis
667 700 956 759 potestatibus
970 701 1114 761 potuit
1135 701 1429 756 commoveri,
1449 699 1583 745 fidem
1605 715 1704 744 nos-

305 782 415 817 tram
438 772 484 816 111
498 773 673 818 Christo
696 773 866 816 firmam
892 772 1121 817 ostendere
1142 771 1306 828 voluit,
1332 788 1432 833 quae
1454 771 1586 816 nullis
1608 769 1704 815 dia-

302 842 394 888 boli
429 844 746 889 tentationibus
769 853 1100 900 commovetur,
1134 842 1211 888 sed
1243 843 1372 888 armis
1404 843 1704 903 spiritualibus

303 915 619 975 repugnando,
657 916 929 976 triumphato
959 916 1110 972 hoste,
1146 931 1355 961 coronam
1384 915 1579 975 accipere
1607 930 1704 960 me-

302 996 437 1031 retur.
476 990 592 1046 Ergo
625 986 782 1033 domus
811 996 875 1032 est
895 997 1044 1033 saneta
1066 987 1286 1044 Ecclesia,
1310 985 1382 1033 vel
1402 985 1510 1032 fides
1528 995 1674 1031 nostra
1689 1022 1701 1043 ,

300 1074 400 1119 quae
417 1068 481 1103 est
504 1074 634 1119 supra
653 1055 814 1104 Christi
832 1074 996 1103 nomen
1017 1057 1204 1105 fundata
1220 1095 1231 1116 ,
1255 1058 1476 1119 sicutipse
1493 1058 1706 1103 Dominus

300 1130 360 1175 ait
378 1129 434 1175 ad
457 1130 637 1176 beatum
660 1134 839 1174 Petrum
858 1130 1108 1190 apostolum
1135 1150 1144 1176 ε
1173 1133 1279 1175 «Tu
1297 1146 1341 1175 05
1364 1133 1517 1175 Petrus
1533 1166 1544 1186 ,
1571 1139 1615 1174 et
1631 1145 1706 1175 su-

303 1220 323 1244 »
359 1217 436 1262 per
458 1202 573 1247 hanc
595 1211 766 1262 petram
794 1202 1025 1247 aedificabo
1053 1201 1476 1258 Ecclesiam-meam,
1502 1212 1546 1247 et
1565 1212 1706 1263 portae

302 1292 324 1315 »
358 1272 486 1318 inferi
527 1289 618 1319 non
649 1272 957 1334 praevalebunt
989 1273 1194 1318 adversus
1224 1289 1322 1319 eam
1343 1272 1422 1330 (b).
1450 1291 1473 1315 1)
1499 1272 1706 1320 Flumina

297 1354 401 1390 sunt
423 1361 557 1405 regna
579 1344 837 1401 Gentilium,
858 1361 960 1406 quae
981 1344 1216 1401 fluctibus,
1242 1344 1289 1389 id
1309 1354 1389 1402 est,
1415 1343 1536 1390 duris
1558 1361 1706 1406 perse-

298 1417 550 1463 cutionibus
566 1453 577 1474 ,
601 1417 672 1463 vel
694 1416 879 1479 pluviis,
919 1434 1020 1479 quae
1042 1419 1172 1463 sunt¹
1196 1417 1351 1479 populi
1376 1417 1599 1477 gentium,
1634 1417 1705 1465 vel

299 1490 432 1535 etiam
448 1490 608 1547 ventis,
624 1490 702 1552 qui
719 1499 823 1536 sunt
841 1489 1007 1536 diaboli
1028 1490 1222 1552 spiritus,
1243 1491 1395 1550 (hanc)
1407 1499 1601 1536 evertere
1621 1505 1703 1536 vo-

296 1562 512 1620 luerunt,
555 1562 634 1609 sed
671 1579 764 1609 non
796 1572 1068 1625 potuerunt,
1100 1564 1205 1625 quia
1234 1561 1422 1608 fundata
1449 1572 1543 1607 erat
1572 1578 1704 1624 supra

296 1644 485 1695 petram.
532 1635 683 1680 Potius
714 1650 820 1681 vero
846 1636 939 1696 ipsa
959 1644 1213 1697 tempestas,
1235 1632 1453 1681 illidendo
1479 1633 1704 1680 confracta

296 1715 383 1762 est,
409 1721 544 1768 quam
560 1705 720 1752 domus
743 1722 969 1752 concussa.

358 1781 435 1824 IV.
471 1781 589 1838 Ergo
605 1814 616 1835 ,
642 1777 921 1825 Dilectissimi
937 1814 949 1836 ,
978 1779 1106 1825 nobis
1142 1778 1252 1824 dum
1273 1786 1449 1839 tempus
1477 1787 1542 1824 est
1562 1777 1704 1823 aedifi-

297 1849 452 1907 candi,
480 1850 719 1896 fundemus
740 1852 788 1897 in
809 1852 986 1898 Christo
1016 1851 1151 1897 fidem
1172 1860 1390 1907 nostram,
1423 1860 1467 1896 et
1495 1851 1703 1896 intrinse-

295 1938 372 1969 cus
392 1924 550 1968 sanctis
568 1923 816 1984 repleamur
837 1925 1061 1985 operibus,
1076 1934 1129 1970 ut
1149 1940 1254 1970 eum
1267 1924 1437 1971 venerit
1450 1932 1700 1984 tempestas,

296 1995 373 2056 qui
396 2005 461 2041 est
480 1996 615 2040 hostis
638 1995 859 2053 occultus,
883 1996 1190 2056 confringatur
1211 1996 1358 2057 potius
1371 2011 1505 2057 quam
1518 2005 1699 2042 evertat.

296 2069 353 2111 Et
367 2083 486 2111 nunc
510 2068 647 2112 hostis
669 2068 900 2113 vobiscum
923 2078 986 2113 est
1003 2090 1014 2127 3
1033 2068 1153 2113 intus
1174 2069 1222 2113 in
1243 2077 1420 2129 pectore
1437 2067 1565 2124 latet,
1591 2068 1704 2114 sieut

295 2137 530 2198 Apostolus
573 2139 633 2183 ait
664 2159 672 2184 :
714 2159 734 2181 «
770 2138 1054 2184 Adversarius
1089 2150 1232 2185 vester
1267 2138 1468 2184 diabolus
1490 2149 1702 2200 tanquam

298 2227 318 2250 n
353 2208 423 2253 leo
448 2209 622 2268 rugiens
651 2209 808 2255 circuit
828 2226 1031 2271 quaerens
1062 2226 1198 2271 quem
1222 2209 1405 2255 devoret
1423 2214 1495 2267 (e).
1522 2218 1544 2252 v>›
1574 2213 1701 2255 Nunc

296 2280 609 2325 blandimentis
641 2281 811 2327 seducit
828 2319 838 2338 ,
865 2292 916 2327 ut
950 2283 1139 2343 decipiat
1173 2282 1308 2327 fidem
1333 2291 1555 2341 nostram3
1580 2298 1700 2328 nune

295 2351 483 2396 adversis
517 2362 660 2397 tentat
692 2355 966 2414 propositum
997 2364 1222 2411 nostrum,
1247 2355 1282 2399 si
1311 2364 1457 2415 potest
1477 2363 1695 2412 evertere3

295 2438 413 2467 nunc
436 2423 773 2481 cogitationibus
794 2425 917 2469 malis
941 2426 1123 2481 insistit,
1153 2426 1187 2470 si
1217 2435 1361 2486 potest
1382 2441 1559 2471 movere
1593 2441 1694 2470 eur-

338 2577 385 2618 (a)
404 2578 518 2610 Matth.
540 2589 578 2619 x,
617 2588 671 2610 29..
693 2596 734 2602 —-
758 2579 802 2620 (b)
827 2580 873 2613 Ιι1.
901 2592 973 2623 xvi,
997 2580 1048 2613 16.
1078 2597 1119 2603 —-
1142 2580 1187 2620 (c)
1207 2591 1219 2613 1
1237 2583 1323 2613 Petr.
1344 2591 1376 2622 v,
1396 2584 1428 2612 8.

343 2653 350 2668 ¹
367 2646 443 2678 Cod.
469 2658 484 2677 0
513 2646 648 2689 pessimo
666 2648 800 2690 populis
818 2673 828 2687 ,
847 2661 923 2693 (flav
941 2657 1002 2681 eet.
