1803 3276
436 311 572 338 SERMO
605 311 680 337 v11.
717 314 769 338 DE
802 314 1061 339 PENTECOSTE
1096 316 1123 339 1.
1387 305 1469 343 373

91 393 108 410 n
140 379 316 414 Salutaris
330 378 404 421 tui,
425 384 462 413 et
487 379 628 424 Spiritu
644 380 841 424 principali
869 379 1051 414 confirma
1071 391 1136 415 nos
1165 381 1227 427 (a).
1246 394 1262 412 »
1295 381 1326 418 Ο
1345 389 1470 418 sancta

92 437 272 482 precatio,
287 442 324 471 et
341 436 500 482 Spiritus
522 436 639 471 sancti
654 438 771 472 oratio
791 443 828 472 et
846 437 1062 473 illustratio!
1082 438 1259 474 Volitavit
1279 440 1376 475 enim
1396 440 1469 475 Pa-

92 496 223 542 raclyti
240 495 389 530 veniens
409 494 582 539 dignitas,
602 506 675 530 non
695 496 803 531 sicuti
818 496 854 530 in
874 495 1014 531 Christi
1035 496 1216 541 baptismo
1236 498 1395 544 speciem
1411 499 1467 533 iu-

90 556 193 598 dum,
208 553 312 598 quasi
328 552 554 597 columbam,
573 554 638 589 sed
658 553 868 589 vehementi
883 554 1002 590 sonitu
1018 555 1277 590 universorum
1296 556 1470 600 instruxit

91 613 277 657 eloquium
301 612 338 647 in
364 622 406 647 ea
421 611 549 656 domo,
575 613 610 648 in
638 623 711 658 qua
737 617 844 648 erant
859 613 1025 658 Apostoli
1049 614 1267 659 congregati
1283 614 1319 648 in
1337 625 1467 649 unum.

91 671 323 707 Consedente
333 681 342 697 ¹
354 672 481 716 itaque
496 672 531 707 in
549 681 774 716 unoquoque
787 671 989 716 Discipulo,
999 684 1019 707 (ι
1029 672 1235 717 Coeperunt
1247 671 1348 717 loqui
1362 674 1471 709 variis

94 742 112 765 ι)
139 731 292 778 linguis,
311 730 406 765 sicut
422 730 581 776 Spiritus
596 730 707 766 dabat
726 731 827 776 loqui
846 731 895 766 eis
913 730 974 778 (b).
993 742 1012 767 a
1040 731 1144 768 Tunc
1160 733 1353 778 impletum
1374 735 1470 778 quod

91 789 235 825 dictum
253 795 307 824 est
324 789 362 824 in
381 788 584 835 Scripturis
599 799 608 824 z
624 801 644 825 α
663 790 734 833 Qui
754 790 875 834 aperls
890 800 955 825 ora
975 795 1164 826 mutorum
1184 796 1220 826 et
1238 791 1380 836 linguas
1399 792 1472 828 inc-

93 861 112 882 »
139 849 351 885 ruditorum
369 848 526 885 disertas
540 848 629 885 sacis
644 848 704 894 (c).
720 862 737 881 »

139 909 206 945 IV.
221 909 339 955 Ergo,
359 909 511 945 Fratres
524 909 743 954 charissimi,
765 913 893 955 aperta
911 914 994 945 sunt
1010 909 1119 945 hodie
1134 921 1199 945 ora
1212 910 1472 947 universorum

91 968 228 1004 Christi
242 967 537 1014 Discipulorum,
558 968 607 1004 ita
622 974 663 1004 ut
681 968 854 1014 aliquanti
871 968 997 1013 lingua
1014 974 1135 1003 essent
1154 968 1380 1004 confabulati
1398 969 1474 1005 Me-

91 1029 241 1070 dorum,
255 1027 314 1064 alii
327 1037 370 1063 ea
385 1037 469 1072 quae
483 1027 530 1062 ad
543 1027 705 1063 Parthos
720 1033 805 1062 sunt
823 1027 1072 1062 carminantes
1087 1026 1232 1071 eloquia
1243 1027 1474 1062 disserebant

91 1088 250 1133 integra,
269 1093 310 1122 ut
341 1087 440 1122 cives
464 1085 626 1130 regionis
651 1092 788 1121 exterae
813 1086 968 1131 linguae3
994 1084 1103 1120 multi
1130 1085 1346 1130 colligentes
1375 1097 1413 1121 se
1440 1087 1474 1121 in

89 1150 214 1181 sancta
232 1155 386 1187 corona,
403 1143 577 1180 Chaldaea
597 1144 829 1179 disserebant
841 1154 996 1186 arcana;
1013 1144 1141 1180 caetcri
1160 1144 1308 1179 Arabiae
1317 1145 1475 1188 gauden-

94 1210 147 1239 tes
175 1204 244 1239 sibi
267 1209 305 1239 et
326 1203 485 1239 invicem
508 1202 685 1240 dulciflua
712 1202 932 1238 eructabant
962 1202 1130 1247 cantica,
1157 1212 1243 1237 cum
1269 1203 1439 1239 dicerent
1464 1214 1472 1238 ι

91 1275 110 1296 «
140 1263 274 1299 Redde
285 1262 390 1299 nobis
404 1262 568 1298 laetitiam
588 1260 769 1297 Salutaris
785 1253 856 1304 tui,
871 1267 906 1296 et
924 1262 1066 1307 Spiritu
1085 1261 1278 1307 principali
1297 1261 1474 1298 confirma

91 1336 107 1353 »
137 1332 203 1357 nos
221 1320 288 1368 (d).
305 1334 321 1353 »
343 1320 614 1368 Cyrenensium
628 1330 718 1356 vero
732 1326 768 1355 et
780 1319 1136 1362 Alexandrinorum,
1152 1319 1233 1365 plus
1247 1331 1358 1365 quam
1377 1321 1477 1357 Salo-

93 1380 208 1415 monis
217 1378 588 1424 eloquia,m0vebant
600 1378 801 1426 disciplinae
820 1378 948 1414 verba.
962 1377 1111 1423 Reliqui
1132 1388 1221 1413 vero
1232 1378 1476 1424 Apostolihc—

90 1438 190 1474 hraea
208 1442 397 1473 cantantes
414 1437 641 1484 symphoniae
654 1447 757 1472 musa
769 1464 778 1478 ,
791 1437 884 1471 tales
903 1446 990 1471 cum
1004 1435 1025 1470 J
1029 1446 1107 1471 csse
1122 1435 1196 1471 filio
1216 1436 1475 1472 circumcincti

93 1496 261 1532 veritatis
286 1506 429 1542 organo
458 1496 688 1537 exultabant,
716 1501 892 1531 canentes
910 1505 1041 1531 vocem
1067 1494 1103 1529 in
1127 1495 1216 1538 alto,
1249 1495 1351 1540 quod
1378 1500 1415 1530 et
1439 1496 1474 1530 in

91 1554 254 1599 Alleluia
277 1555 358 1601 ipso
378 1556 520 1591 dictum
543 1560 600 1590 est
625 1555 804 1590 directori
822 1555 900 1589 Deo
922 1563 932 1589 ε
951 1565 971 1589 <‹
995 1553 1080 1598 Ipse
1101 1559 1155 1588 est
1175 1553 1355 1589 Dominus
1377 1553 1477 1589 Deus

89 1626 106 1645 υ
136 1618 288 1655 noster3
316 1615 353 1649 in
375 1615 548 1651 universa
574 1619 675 1649 terra
690 1613 830 1658 judicia
847 1613 942 1659 ejus,
962 1613 1046 1658 quia
1072 1622 1215 1648 memor
1233 1611 1353 1647 fuitin
1371 1612 1476 1648 nobis

90 1684 110 1707 ›)
136 1673 347 1708 testamenti
363 1673 418 1709 sui
432 1673 491 1720 (e).
512 1684 532 1707 n
551 1673 657 1709 Tunc
673 1672 872 1715 AElamitae‚
894 1676 1022 1717 gentes
1038 1671 1246 1714 ineruditae7
1268 1681 1331 1707 sua
1349 1671 1474 1716 lingua

89 1731 290 1778 Apostolos
303 1732 406 1777 loqui
421 1739 704 1778 cognoscentes,
717 1732 891 1766 dicebant
907 1731 952 1766 ad
966 1731 1126 1766 invicem
1144 1731 1399 1775 unusquisque
1413 1731 1480 1764 mi-

92 1797 233 1838 rantes,
254 1796 296 1827 ut
309 1791 432 1827 Lucas
455 1791 592 1835 refert,
613 1792 815 1836 spiritualis
833 1789 1043 1825 archiater:
1067 1788 1098 1824 Ο
1120 1789 1289 1824 mirabile
1308 1789 1476 1825 culmen!

91 1861 110 1884 «
137 1850 269 1886 Nonne
287 1860 378 1886 ecce
396 1860 524 1886 omnes
543 1849 607 1894 qui
631 1850 839 1894 loquuntur
862 1848 1005 1884 Galilaei
1027 1853 1112 1882 sunt
1137 1845 1221 1892 (f)‘?
1240 1861 1257 1879 »
1286 1848 1363 1882 Nos
1389 1857 1478 1891 ergo

91 1920 111 1942 «
135 1909 355 1954 quomodo»
379 1910 486 1946 mirae
503 1907 772 1953 magnitudinis
792 1906 930 1943 fiducia
949 1907 1101 1942 indutos
1115 1918 1135 1942 (ι
1155 1916 1198 1941 ea
1218 1907 1345 1952 lingua
1363 1906 1478 1942 collo-

90 1981 108 2000 »
137 1968 200 2013 qui
216 1968 425 2004 audivimus
442 1978 505 2003 eos
518 1968 555 2002 in
575 1978 650 2012 qua
666 1967 745 2002 nati
766 1977 893 2002 sumus
916 1964 980 2011 (9),
1001 1978 1018 1996 »
1040 1970 1078 2000 et
1094 1965 1184 2001 dum
1202 1964 1376 2009 ignicomi
1394 1965 1478 2000 solis

91 2025 247 2062 dicimus
262 2026 397 2062 micata
410 2036 488 2062 esse
502 2026 605 2061 radia
618 2025 655 2060 in
666 2026 865 2066 matutino,
878 2025 967 2060 hora
977 2033 990 2049 ²
1002 2024 1073 2060 diei
1089 2025 1214 2066 tertia,
1226 2023 1378 2059 forsitan
1391 2023 1477 2058 vino

93 2085 237 2120 novello
255 2096 385 2121 eorum
399 2085 541 2131 repleta
558 2090 613 2120 est
629 2083 774 2120 anima?
790 2084 976 2128 Quidnam
993 2092 1082 2127 ergo
1097 2083 1233 2118 accidit
1247 2082 1285 2117 in
1302 2081 1452 2118 Galilaea
1468 2108 1477 2123 ‚

93 2148 133 2178 ut
151 2143 430 2190 Discipulorum
445 2142 583 2179 Christi
604 2144 707 2179 varia
726 2143 762 2177 in
788 2141 979 2177 locutione
998 2141 1138 2176 diserta
1159 2140 1205 2175 sit
1224 2140 1368 2186 lingua.
1388 2140 1478 2176 Mit-

93 2206 213 2238 tentcs
225 2202 352 2247 itaque
368 2201 521 2238 nuntios
535 2202 701 2246 undique
717 2201 787 2236 hoc
805 2200 1078 2236 demandabant
1097 2199 1412 2245 AElamitae‚pr0ut
1428 2199 1479 2234 di-

93 2266 223 2297 cerent
238 2271 248 2297 ε
261 2261 547 2304 Venite,cuncti
566 2261 740 2297 ruricolae
759 2271 800 2296 ac
820 2271 926 2296 senes
942 2260 1133 2305 agricolae,
1150 2264 1186 2294 et
1202 2258 1326 2293 videte
1343 2269 1477 2293 nomen

93 2319 253 2364 salubre,
274 2320 376 2366 quod
401 2320 562 2366 Spiritus
586 2321 704 2356 sancti
725 2320 843 2364 gratia
864 2319 1140 2365 Discipulorum
1164 2317 1301 2352 Christi
1322 2316 1479 2351 chorum

93 2378 258 2423 perfudit
288 2388 451 2414 omnem.
474 2377 506 2413 Ο
536 2377 703 2413 mirabile
737 2377 940 2412 arcanum!
967 2388 1041 2422 quo
1066 2377 1102 2410 in
1128 2375 1268 2410 mundo
1294 2374 1479 2420 Paraclyti

94 2436 225 2472 diffusa
244 2441 300 2472 est
315 2437 445 2483 gratia,
466 2442 506 2472 ut
516 2442 643 2481 gentes
662 2446 745 2482 quae
759 2442 864 2470 erant
886 2434 1112 2479 sinejustitia
1133 2433 1303 2478 Ingenito
1322 2433 1450 2467 darent
1468 2434 1480 2457 '⁵

141 2526 187 2567 (a)
210 2527 290 2559 Psal.
316 2539 353 2569 L,
384 2526 435 2569 14.
461 2526 560 2567 —(b)
590 2529 660 2559 Act.
683 2539 715 2567 u,
735 2526 766 2568 4.
789 2544 829 2547 -
849 2525 892 2566 (c)
910 2526 980 2566 Sap.
1003 2535 1040 2564 x,
1062 2535 1111 2555 11.
1135 2521 1400 2562 -(d)l'sall1„
1424 2521 1472 2568 ¹³2.-

98 2583 354 2625 -((3)1d-Clv‚
375 2595 412 2627 7,
430 2584 462 2619 8-
479 2602 520 2607 -
538 2583 609 2625 (s)
624 2586 694 2616 Act.
720 2595 759 2625 11,
776 2594 806 2625 ς.
827 2600 867 2604 -
888 2580 930 2621 (a)
948 2581 1027 2613 lbid.
1046 2581 1076 2612 8.

146 2659 152 2674 ¹
175 2651 252 2684 Cod.
270 2651 350 2684 male
367 2650 560 2684 consedens.
585 2669 626 2674 —-
647 2658 659 2673 2
679 2650 726 2683 Id.
742 2649 830 2691 jere.
853 2667 891 2671 —
914 2647 925 2670 1<
944 2649 989 2680 l‹l.
1007 2647 1089 2679 male
1104 2645 1221 2677 dante?
