1803 3276
466 219 607 249 smum
639 221 798 250 xxxin.
835 222 889 249 DE
921 219 1074 250 pasena
1099 225 1195 251 xm.
1444 216 1526 255 189

684 353 974 398 SYNOPSIS.

177 473 208 509 1.
229 474 381 510 Cuncta:-
399 480 605 522 ereaturae,
640 476 909 522 speciatimque
932 476 1134 512 Christiani
1158 477 1365 513 invitantur
1398 480 1443 515 aul
1463 490 1524 516 ce-

131 529 345 568 lebrandam
363 529 533 569 ltetanter
552 533 788 570 festivitatem
805 534 967 571 Paschae.
989 535 1045 569 ll.
1067 536 1254 582 Neophyti
1273 537 1524 583 particulatim

131 591 340 626 'excitantur
354 592 399 627 ad
419 592 680 637 gratulandum
699 592 873 629 Domino.
904 593 984 629 ΙΙΙ.
1006 593 1124 629 Iidem
1141 595 1186 630 ad
1207 597 1523 641 perseverandum

129 649 350 685 animantur.
370 650 436 686 lV.
456 651 520 686 Pie
538 656 571 686 et
590 651 744 687 honeste
760 652 1025 688 celebrandum
1042 652 1200 697 Pascha;
1226 654 1391 701 mystica:
1409 656 1525 691 inter-

128 708 368 754 pretationes.
392 708 440 744 V.
462 710 672 747 Conclusio.

187 803 223 845 I.
254 807 352 846 Duas
385 818 487 847 ecee
508 819 641 864 quem
663 805 999 865 expectabamus
1030 804 1173 851 illuxit
1204 806 1358 865 nobis,
1396 807 1524 852 beata

126 870 332 918 festivitas
345 910 355 930 ,
376 890 509 935 quam
533 876 869 936 expectabamus
887 877 1086 935 advenit,
1110 887 1309 922 sanctum
1329 879 1493 923 Pascha
1509 915 1520 933 ,

125 943 248 1005 quod
268 944 638 1003 desiderabamUS,
665 949 852 993 Domino
876 947 1084 1004 donante,
1105 949 1390 1008 suscepimus.
1405 948 1525 1003 Quid

125 1030 228 1075 ergo
248 1032 368 1061 nune
385 1026 463 1074 est,
489 1018 760 1074 Charissimi,
786 1019 868 1063 nisi
890 1028 941 1063 ut
963 1028 1095 1063 tantae
1113 1019 1398 1064 solemnitatis
1411 1020 1525 1064 laeti-

124 1087 254 1143 tiam,
279 1096 542 1149 tantumque
570 1088 731 1133 divinae
759 1088 1024 1149 dignationis
1062 1090 1325 1134 beneficium
1355 1106 1523 1135 summa

126 1157 317 1219 puritate
330 1169 374 1204 et
392 1158 682 1219 gratulatione
691 1160 934 1205 animorum
943 1196 954 1216 ,
967 1170 1010 1205 et
1019 1161 1182 1221 optima
1194 1162 1523 1206 conversatione

122 1245 316 1285 morum,
337 1230 602 1275 sanctissime
620 1247 670 1276 ac
692 1230 966 1277 devotissime
980 1231 1279 1276 celebremus?
1297 1235 1523 1276 Laetantur

121 1300 254 1362 plane
283 1300 414 1346 hodie
439 1301 539 1347 coeli
561 1302 691 1348 simul
717 1320 765 1348 ac
803 1313 939 1362 terra,
964 1303 1243 1362 congaudent
1270 1304 1522 1349 hominibus

121 1373 259 1417 sancti
278 1372 458 1433 Angeli,
484 1383 527 1418 et
555 1374 695 1419 omnis
718 1390 830 1435 pene
855 1384 1052 1419 creatura
1079 1374 1327 1419 rationalis²
1356 1394 1376 1417 «
1401 1373 1522 1418 Alle-

122 1461 144 1485 »
169 1443 291 1502 luya,
314 1462 335 1504 >2
356 1443 401 1488 id
419 1453 497 1500 est,
515 1444 711 1489 Laudate
735 1445 987 1501 Dominum,
1014 1454 1201 1490 resonat.
1229 1447 1316 1490 Nos
1339 1460 1518 1506 quoque

121 1514 318 1560 dicamus
343 1516 619 1561 concorditer
641 1532 690 1561 ae
707 1516 923 1576 sapienter
949 1536 957 1561 :
989 1535 1008 1559 «
1027 1519 1214 1575 Magnus
1231 1516 1460 1571 Dominus,
1479 1526 1523 1561 et

121 1602 145 1629 »
176 1585 410 1647 lau-dabilis
436 1587 564 1632 nimis
590 1586 671 1641 (a).
701 1591 888 1647 Magnus
908 1603 1011 1633 vere
1034 1588 1267 1644 Dominus,
1295 1597 1338 1632 et
1362 1602 1522 1648 magna

124 1675 145 1700 z)
178 1658 317 1704 virtus
334 1659 426 1719 ejus
448 1668 492 1703 et
514 1659 737 1720 sapientiae
751 1660 841 1720 ejus
864 1676 954 1704 non
972 1668 1035 1704 est
1052 1675 1261 1704 numerus
1274 1657 1351 1713 (b).
1371 1678 1392 1701 »
1414 1659 1521 1712 Quis

120 1730 238 1775 enim
259 1729 385 1775 facile
405 1730 476 1775 vel
498 1746 769 1786 enumerare,
789 1730 860 1776 vel
878 1730 1010 1790 digne
1028 1730 1187 1790 poterit
1208 1729 1421 1790 explicare
1435 1729 1522 1774 diei

117 1801 242 1847 istius
264 1804 558 1847 sacramenta?
580 1804 723 1856 Quem
745 1801 918 1847 devicto
941 1801 1154 1846 Dominus
1179 1800 1374 1857 diabolo,
1401 1817 1521 1846 mor-

120 1873 262 1935 tisque
270 1873 500 1933 dominatu
512 1889 775 1934 compresso,
786 1889 864 1934 per
877 1872 1221 1918 Resurrectionis
1236 1889 1326 1917 suae
1339 1871 1520 1930 gloriam

117 1943 376 1989 mirabiliter
395 1944 652 2000 illustravit,
673 1956 865 2004 eumque
888 1943 1016 1987 nobis
1039 1943 1084 1987 in
1106 1942 1377 1987 solemnitate
1400 1942 1519 1987 salu-

118 2015 174 2060 tis
191 2024 416 2077 perpetuae
436 2014 669 2060 dedicavit.
697 2013 815 2068 Quid
836 2014 998 2074 itaque,
1020 2013 1284 2069 Charissimi,
1304 2014 1385 2058 hae
1400 2012 1519 2058 festi-

117 2086 254 2131 vitate
276 2093 520 2147 potestesse
535 2085 800 2146 jucundius?
823 2085 941 2138 Quid
961 2086 1046 2130 hoe
1062 2085 1133 2129 die
1155 2083 1322 2128 felicius
1336 2086 1380 2128 2?
1401 2084 1520 2138 Quid

119 2157 203 2202 hoe
224 2156 432 2215 mysterio
453 2156 686 2202 sacratius?
708 2155 827 2210 Quid
847 2156 932 2200 hoe
954 2163 1224 2200 sacramento
1246 2153 1520 2199 mirabilius?

124 2249 145 2272 «
179 2229 262 2274 Hie
291 2238 356 2274 est
373 2229 582 2273 nimirum
603 2227 695 2273 dies
723 2243 856 2289 quem
893 2226 996 2272 fecit
1017 2228 1251 2285 Dominus3
1272 2225 1518 2272 exultemus

121 2317 145 2341 ³»
179 2308 224 2344 et
242 2298 445 2344 laetemur
466 2300 513 2344 in
534 2314 587 2344 eo
603 2300 676 2355 (c).
700 2317 720 2340 »
743 2299 824 2344 Hie
842 2298 933 2343 dies
955 2307 1018 2342 est
1035 2297 1324 2342 inchoationis
1338 2307 1514 2353 nostrie,

120 2370 299 2432 diesque
328 2370 612 2431 reparationis
649 2379 834 2428 nostrae„
872 2368 963 2415 dies
989 2369 1292 2415 vivificationis
1323 2379 1485 2415 nostrae
1502 2405 1513 2425 ,

165 2468 212 2511 (a)
229 2469 309 2503 Psal.
324 2481 431 2512 xtvu,
454 2481 483 2502 1.
504 2487 546 2493 --
573 2469 680 2511 (b)1d.
697 2480 807 2512 exim,
827 2468 859 2501 5.
880 2486 923 2492 —-
947 2469 990 2510 (c)
1009 2470 1056 2501 Id.
1076 2480 1181 2511 cxvii,
1201 2467 1270 2511 24.-

169 2544 176 2560 ¹
192 2537 270 2570 Vide
284 2540 387 2571 Serui.
401 2549 472 2579 ειν,
488 2550 518 2570 n.
538 2538 616 2570 3.·-
634 2545 646 2560 2
658 2538 736 2570 Cod.
758 2537 863 2570 variat
878 2548 1004 2580 semper
1018 2537 1104 2570 circa
1117 2548 1214 2579 genus
1225 2536 1414 2570 substantivi
1425 2535 1515 2574 tlz‘cff,

120 2594 229 2627 dicens
246 2594 341 2627 modo
359 2594 430 2636 Ῐιῑέ,
451 2595 544 2627 modo
562 2594 637 2627 lzwc
650 2612 660 2634 ,-
674 2594 779 2626 onmia
794 2593 834 2626 ad
851 2593 1007 2626 unitatem
1031 2593 1225 2625 reduximus.
