1803 3276
414 226 552 253 senato
585 226 709 253 xxm<-
746 225 799 252 DE
832 224 986 252 PAscHA
1021 227 1080 252 ix.
1363 217 1442 254 177

54 300 232 353 propter
252 306 325 335 sex
341 299 489 336 aetates
505 291 749 343 hominum,
771 290 911 346 idest,
932 289 1176 346 infantiam,
1194 292 1441 351 pueritiam,

53 361 412 418 adolescentiam,
433 363 712 423 juventutem
726 396 736 416 ,
759 370 932 406 aetatem
955 360 1159 416 mediam,
1184 371 1227 405 et
1244 372 1446 407 senectu-

56 442 145 477 tem
163 432 428 492 decrepitam
442 434 480 490 ¹3
509 432 660 491 (sexies
674 446 777 491 ergo
798 432 1056 492 quadragies
1077 431 1208 475 sexies
1224 432 1336 477 fiunt
1353 449 1448 477 om-

56 518 132 548 nes
153 502 245 547 dies
261 502 440 547 ducenti
461 502 734 563 septuaginta
757 511 801 546 et
824 518 923 560 sex,
953 503 1036 546 hoc
1059 511 1123 546 est
1143 518 1299 547 novem
1324 519 1459 548 men-·

56 589 120 619 ses
136 582 180 618 et
201 573 293 618 dies
310 589 382 618 sex
398 609 409 630 ,
429 574 507 635 qui
524 582 834 634 computantur
855 573 914 618 sic
937 588 990 618 ex.
1011 572 1080 617 die
1103 583 1257 618 octavo
1280 573 1447 618 Kalen—

57 646 133 691 das
146 645 365 706 aprilium,
381 662 468 706 qua
482 645 552 690 die
564 655 876 706 conceptusest
889 645 1116 700 Dominus,
1133 645 1177 689 in
1195 662 1282 706 qua
1296 655 1339 690 et
1351 662 1450 706 pas-

57 732 127 762 sus
153 726 241 772 est,
265 732 405 778 usque
432 715 488 761 ad
507 727 712 762 octavum
734 716 1033 762 Kalendarum
1053 717 1353 777 januariarum
1368 753 1378 772 ,
1404 717 1450 762 in

56 804 146 849 quo
168 786 238 832 die
249 797 376 832 natus
397 788 499 843 est‚)
516 798 759 838 memorata
781 804 951 833 summa
968 788 1138 832 dierum
1155 787 1449 833 ducentorum

56 858 330 918 septuaginta
356 873 428 903 sex
448 859 708 919 completur.
737 861 836 904 Non
858 874 959 918 crgo
981 859 1219 916 incongrue
1234 861 1312 902 XL
1331 868 1374 903 et
1388 861 1448 902 Vl

0 949 1 952 ¹
55 929 180 980 annis
202 929 363 986 dicitur
384 929 647 988 fabricatum
669 945 759 974 esse
777 930 1008 989 templum,
1034 928 1155 990 quod
1177 930 1269 989 ejus
1294 944 1452 988 corpus

0 1023 1 1026 ¹
57 1000 346 1060 significabat,
370 1010 420 1045 ut
436 1010 547 1062 quot
568 1001 671 1045 anni
693 1000 875 1045 fuerunt
897 1000 942 1043 in
959 999 1248 1044 aedificatione
1271 999 1450 1059 templi,

59 1080 123 1116 tot
140 1070 230 1116 dies
247 1070 411 1115 fuerint
425 1071 471 1115 in
488 1071 775 1131 plasmatione
795 1070 987 1133 corporis
1007 1070 1180 1115 Domini
1197 1070 1333 1114 nostri
1350 1072 1372 1114 J
1378 1086 1454 1114 esu

58 1141 234 1186 Christi.

118 1216 195 1257 VI.
221 1216 334 1258 Ecce
355 1214 474 1258 unde
497 1213 667 1258 dictum
688 1222 777 1258 est:
812 1233 831 1255 «
855 1213 1017 1258 Solvite
1044 1213 1259 1273 templum
1277 1214 1359 1258 hoc
1376 1249 1386 1269 ,
1413 1223 1456 1257 et

62 1302 82 1325 »
117 1284 163 1328 in
190 1285 338 1330 triduo
375 1285 593 1330 suscitabo
621 1283 748 1330 illud.
788 1288 846 1330 Et
872 1283 936 1328 illi
977 1284 1184 1328 dixerunt
1215 1287 1291 1328 XL
1321 1294 1364 1328 et
1393 1287 1454 1328 'Vl

62 1372 83 1395 »
118 1355 242 1400 annis
264 1355 530 1401 aedificatum
553 1365 617 1400 est
638 1355 872 1415 templum,
899 1364 943 1398 ct
965 1364 1014 1398 tu
1035 1355 1081 1398 in
1103 1354 1251 1399 triduo
1271 1354 1455 1399 suscita-

60 1444 82 1467 »
117 1426 183 1472 his
203 1426 341 1472 illud?
364 1427 444 1473 Ille
469 1437 615 1473 autem
639 1427 814 1472 dicebat
836 1427 891 1472 de
918 1426 1084 1487 templo
1102 1427 1296 1486 corporis
1319 1427 1404 1471 sui,
1432 1445 1452 1468 »

58 1499 363 1544 Benedicimus
390 1500 627 1545 Dominum
655 1502 804 1550 Deum
830 1508 1052 1553 nostrum,
1085 1499 1161 1559 qui
1189 1507 1458 1543 sacramenta

61 1568 317 1614 abscondita
330 1569 520 1615 revelare
537 1569 746 1629 dignatur
762 1570 893 1614 servis
910 1568 1012 1613 suis.
1043 1568 1107 1614 Sit
1123 1584 1227 1628 ergo
1247 1568 1458 1628 gaudium

60 1648 260 1685 nostrum
274 1656 444 1701 semper
456 1639 502 1684 in
522 1639 770 1685 humilitate
783 1639 942 1701 cordis,
964 1648 1013 1684 ut
1025 1638 1273 1684 mercedem
1289 1639 1346 1684 ab
1364 1639 1458 1700 ipso

61 1712 258 1772 accipere
278 1727 526 1758 mereamur
546 1712 667 1772 regni
686 1711 892 1772 coelestis.

109 1823 119 1838 ¹
137 1821 248 1855 Codex
265 1820 346 1855 male
363 1833 371 1854 :
391 1823 576 1861 Juventus,
593 1828 679 1854 aetas
697 1819 836 1859 media]
851 1827 886 1852 ct
901 1827 1058 1854 senectus
1076 1819 1264 1865 decrepita.

293 2644 432 2674 cxxx.
1255 2631 1304 2671 lq
