1803 3276
317 324 455 362 SERMO
487 331 676 360 xxxvm.
713 331 757 359 IN
791 331 938 358 omncs
971 326 1247 359 nise-,initiaris
1281 308 1373 360 ux.-
1434 317 1521 359 217

145 417 166 441 »
200 397 357 456 hrum,
393 409 444 444 ut
479 398 681 444 omnibus
714 396 859 443 luccat
892 397 966 459 qui
996 398 1041 441 in
1074 398 1205 442 domo
1239 407 1341 442 sunt
1365 400 1475 456 (a)¹3
1504 417 1524 439 η

141 469 318 516 lucerna
343 469 606 515 candelabro
633 469 771 514 crucis
796 468 1066 529 superposita
1089 477 1153 512 est
1173 469 1313 528 primo
1336 469 1528 513 adventu

141 558 230 603 quo
254 542 372 588 venit
399 551 443 587 et
457 553 607 603 passus
625 550 713 600 est,
737 540 929 586 secundo
944 539 1136 585 adventu
1157 540 1302 585 veniet
1325 539 1531 585 clarifica-

139 623 211 658 tus
226 648 238 669 ,
263 622 315 658 ut
336 614 508 673 regnet²
530 612 724 668 lucerna,
749 611 909 673 inquit,
935 610 1199 656 candelabro
1221 611 1361 656 crucis
1383 627 1530 671 supcr-

138 684 296 745 posita.
324 685 521 730 Christus
542 684 660 730 lucet
687 694 777 729 tam
799 685 1014 730 Gentibus
1045 699 1178 745 quam
1202 682 1380 744 Judaeis,
1402 693 1452 728 ut
1479 700 1531 728 cx

141 755 357 801 Gentibus
389 765 432 801 ct
450 759 474 801 J
478 755 613 802 udaeis
633 755 809 816 colligat
845 756 901 801 ad
922 755 1159 801 Ecclesiam
1175 755 1413 801 venientes.
1435 758 1530 800 Lux

139 837 287 873 nostra
307 828 506 874 Christus
528 838 608 885 est,
635 829 712 890 qui
732 828 836 874 licet
858 838 1109 889 expectetur
1126 837 1175 872 ut
1199 827 1360 883 veniat,
1383 836 1531 873 tamcn

132 900 224 961 jam
245 900 413 946 venisse
434 899 679 946 credendus
702 909 780 945 est.
804 901 935 945 Venit
955 901 1002 944 in
1021 898 1284 955 humilitate,
1316 899 1462 943 veniet
1485 899 1530 942 in

140 988 277 1033 regno
296 973 507 1032 ,venitin
523 972 736 1028 bonitate,
752 972 897 1018 veniet
915 970 1196 1032 adjudicium
1209 991 1219 1030 3
1233 971 1354 1016 venit
1374 971 1417 1014 in
1431 985 1531 1031 pas-

138 1043 284 1101 sione,
300 1045 446 1090 veniet
472 1044 520 1088 in
545 1043 741 1102 ditione,
771 1044 891 1088 venit
912 1042 1106 1088 medicus
1131 1042 1437 1098 curationum,
1460 1041 1530 1086 vi-

138 1115 303 1161 tiorum
335 1115 483 1161 veniet
504 1124 767 1176 amputator.
778 1118 917 1161 Nemo
933 1114 993 1160 sic
1012 1123 1155 1175 speret
1169 1129 1258 1159 csse
1275 1122 1528 1168 venturum,

138 1201 228 1247 quo
261 1185 368 1232 velit
393 1201 551 1245 negare
578 1186 681 1250 quia
708 1185 928 1244 evenerit,
949 1185 1139 1246 patietur
1178 1194 1286 1230 tunc
1305 1183 1501 1245 judicem
1517 1218 1529 1239 ‚

137 1257 220 1302 nisi
248 1256 382 1303 modo
413 1256 648 1303 crediderit
683 1256 959 1303 salvatorem.
990 1259 1048 1302 Et
1073 1257 1163 1316 ipse
1191 1254 1394 1317 quidem,
1419 1254 1533 1299 sicut

138 1327 356 1374 credimus
379 1338 423 1374 et
443 1329 666 1386 novimus,
686 1328 963 1391 judicaturus
988 1326 1215 1386 adveniet,
1241 1325 1318 1373 sed
1339 1326 1430 1387 ipsc
1456 1325 1531 1386 qui

137 1401 259 1447 venit
280 1400 477 1447 medicus
500 1411 550 1447 ut
578 1401 786 1458 salvaret,
816 1417 937 1447 nunc
963 1400 1110 1447 veniet
1133 1415 1206 1445 rex
1228 1414 1382 1461 regum
1396 1434 1407 1456 ,
1432 1413 1533 1460 pcr-

137 1464 297 1533 Petuus
313 1473 572 1534 imperator,
597 1481 648 1518 ut
673 1482 840 1534 regnet.
1417 1531 1419 1533 Ι

136 1561 142 1567 ·
199 1546 282 1589 ΙΙΙ.
319 1543 465 1590 Habet
488 1543 718 1601 diadema,
738 1560 908 1601 zonam,
934 1543 1229 1590 calceamenta
1251 1542 1449 1604 pretiosis
1472 1541 1535 1587 la·-

136 1614 316 1677 pidibus
353 1616 628 1662 coruscantia
650 1638 661 1676 3
686 1617 762 1662 sed
782 1618 860 1662 has
883 1617 1043 1677 species
1067 1616 1338 1661 Patriarchas
1371 1612 1537 1658 intelli-

139 1703 314 1747 gamus,
338 1689 596 1749 ProphetaS,
629 1698 673 1734 et
704 1687 953 1749 Apostolos,
981 1687 1253 1733 Patriarchas
1285 1687 1332 1731 in
1363 1685 1530 1745 capito,

133 1759 256 1820 quod
287 1769 352 1805 est
381 1759 583 1806 diadema
601 1796 612 1816 ,
646 1776 739 1806 non
769 1769 821 1805 ut
848 1769 1034 1815 ornent,
1073 1757 1150 1803 sed
1176 1767 1227 1803 ut
1260 1766 1475 1803 ornentur
1509 1772 1533 1801 a

133 1831 323 1888 Christo,
358 1830 414 1877 de
446 1831 611 1893 quibus
634 1830 796 1876 Paulus
821 1830 1042 1893 apostolus
1063 1839 1221 1875 tractat
1243 1849 1253 1875 ι
1285 1833 1309 1872 «⁴
1333 1832 1533 1882 Quorum

135 1919 157 1944 »
193 1911 335 1963 patres
358 1918 411 1948 ex
435 1903 600 1965 quibus
623 1903 840 1958 Christus,
873 1903 951 1964 qui
976 1912 1041 1947 est
1061 1905 1176 1947 Deus
1201 1900 1460 1946 benedictus
1488 1901 1534 1944 in

137 1992 158 2016 »
193 1973 352 2020 saecula
363 1972 460 2034 (b),
483 1993 504 2017 »
532 1973 680 2019 medio
700 1974 839 2019 veluti
866 1989 1021 2019 zonam
1054 1973 1294 2034 Prophetas
1322 1971 1533 2031 intelligi-

133 2059 232 2090 mus
246 2080 257 2101 ,
291 2045 368 2107 qui
395 2044 729 2090 insinuaverunt
751 2045 1033 2090 arctissimam
1057 2043 1242 2088 fibulam
1265 2041 1530 2103 disciplinre3

135 2115 429 2162 calceamenta
441 2114 689 2177 Apostolos,
706 2132 816 2177 quos
839 2116 885 2160 in
901 2115 1103 2176 pedibus,
1127 2113 1175 2159 id
1187 2123 1266 2170 est,
1282 2114 1330 2158 in
1342 2114 1429 2157 fine
1449 2129 1532 2158 sac-

135 2186 224 2232 culi
245 2187 398 2233 missos
415 2202 506 2233 esse
525 2188 848 2247 cognoscimus,
876 2185 1114 2248 dequibus
1139 2185 1360 2246 Scriptura
1383 2183 1529 2229 divina

136 2273 227 2303 non
247 2258 386 2304 tacuit
418 2278 428 2305 z
463 2278 485 2302 «
509 2262 653 2313 Quam
676 2258 856 2320 speciosi
876 2257 1008 2319 pedes
1039 2256 1429 2315 evangelizantium
1450 2255 1534 2300 bo-

140 2347 162 2372 »
196 2344 253 2373 na
274 2331 394 2389 (c).»
421 2328 614 2389 Fulgent
650 2329 698 2374 in
727 2329 821 2390 ipso
857 2344 994 2388 regno
1027 2327 1257 2374 Cerauniae
1284 2330 1526 2385 Martyres,

141 2399 367 2461 Smaragdi
387 2400 681 2458 Confessores,
698 2400 938 2461 Hyacinthi
960 2398 1147 2456 Fideles,
1163 2398 1410 2459 Margaritae
1430 2398 1531 2443 Vir-

185 2507 230 2551 (a)
247 2487 359 2541 Matih.
377 2519 416 2551 v,
438 2507 490 2542 15.
510 2526 553 2533 —-
577 2508 622 2552 (b)
640 2511 732 2543 Rom.
755 2521 803 2553 1x,
823 2509 854 2542 5.
882 2527 924 2533 —-
949 2508 1058 2551 (c)1‹1.
1082 2519 1115 2551 x,
1144 2508 1195 2542 15.

189 2581 199 2599 ¹
215 2579 261 2611 De
278 2575 340 2609 hoc
357 2576 461 2620 primo
478 2581 513 2610 et
528 2578 670 2611 secundo
691 2577 833 2611 adventu
854 2577 992 2620 loquitur
1010 2577 1202 2619 Augustinus
1221 2580 1316 2609 tract.
1338 2587 1371 2609 iv
1390 2575 1421 2608 in
1438 2577 1529 2608 Joan.

141 2642 215 2675 cap.
238 2644 269 2674 ι,
289 2644 320 2665 n.
346 2644 381 2673 1,
403 2637 438 2665 et
455 2635 568 2668 Tract.
588 2645 706 2677 xxvux,
729 2645 761 2670 u.
783 2634 815 2669 6.
845 2651 886 2659 -—
913 2636 984 2668 2Dc
1009 2633 1135 2670 lucerna
1160 2633 1192 2668 in
1213 2632 1428 2674 candelabro,
1456 2631 1531 2665 vide

143 2689 246 2723 Semi.
266 2699 406 2730 cccxvii,
424 2699 456 2725 n.
475 2687 510 2732 4.
