1803 3276
368 263 506 291 sunno
540 264 599 290 xi.
638 264 680 289 m
715 261 869 289 NATALI
905 264 1060 289 D‹›MIN1
1095 264 1136 290 v.
1361 256 1436 292 101

60 340 254 391 suscepta
265 331 471 384 humana,
490 345 577 373 non
592 328 741 372 amissa
754 328 1094 372 divi11a.v0st0m
1110 329 1248 373 carnis
1263 331 1444 390 accepit,

59 402 134 446 sed
149 402 403 446 intrinsecus
421 400 563 445 Deitas
582 398 752 443 mansit.
774 399 971 459 Denique
988 408 1138 459 utpote
1153 402 1281 455 Deus,
1299 410 1447 460 patra·

60 482 127 517 tor
146 488 342 532 operum,
373 491 389 511 «
410 476 491 516 Per
507 469 765 532 quemfacta
782 470 1057 525 suntomnia,
1074 480 1119 514 ct
1136 471 1226 514 sinc
1249 488 1337 531 quo
1358 471 1449 516 fac-

61 562 81 584 >›
114 552 207 587 tum
221 542 401 588 estnihil
423 546 533 598 (cc),»
558 540 771 601 templum
792 540 888 595 sibi,
905 541 950 584 in
969 557 1058 601 quo
1070 551 1334 596 nasceretur,
1355 542 1446 602 ipsc

57 613 311 658 construxit.
348 613 471 657 Fecit
491 621 696 667 matrem,
733 621 921 656 aeternus
955 627 1133 657 manens
1161 629 1262 657 cum
1299 617 1441 657 Patre.

60 685 255 745 Suscepit
276 685 522 739 hominem,
554 693 680 728 natus
702 699 753 728 cx
774 693 926 739 matre,
950 699 1083 744 quam
1102 685 1193 745 ipse
1214 683 1413 729 formavit
1431 720 1441 741 ,

55 771 240 815 regnans
262 770 364 800 cum
387 758 529 800 Patre.
565 754 686 800 Sicut
709 755 926 815 Propheta
950 755 1054 799 dicit
1079 775 1089 800 ι
1127 759 1302 800 «Mater
1341 756 1445 801 Sion

58 847 75 868 »
111 826 226 870 dicet
244 826 377 870 homo
394 861 404 881 ‚
426 834 469 869 et
490 826 622 871 homo
645 826 786 871 factus
809 835 872 870 est
894 825 939 869 in
962 841 1010 870 ea
1030 862 1039 880 ,
1065 836 1109 870 et
1130 826 1220 886 ipse
1245 825 1445 871 fundavit

59 919 76 940 »
113 913 207 942 eam
225 897 468 942 Altissimus
487 897 563 955 (b).
581 917 600 939 n
622 901 645 942 J
653 899 933 943 ucundcntur
951 898 1051 942 coeli
1070 908 1113 942 ct
1129 898 1292 942 exultet
1311 908 1440 950 terrm

46 969 351 1031 jucundentur
376 969 502 1026 coeli,
537 971 639 1031 quia
669 986 758 1014 non
781 971 947 1014 habent
970 979 1292 1019 accusatorem;
1318 971 1442 1014 exul-

53 1051 114 1086 tet
140 1051 249 1086 terra
265 1077 275 1097 ,
296 1042 397 1102 quia
421 1042 678 1101 germinavit
699 1042 934 1086 Dominum
966 1041 1239 1086 salvatorem.
1267 1045 1324 1086 Et
1345 1043 1442 1103 quis

51 1112 160 1157 tanti
182 1113 373 1157 muneris
401 1113 535 1172 possit
569 1112 766 1156 invenire
798 1115 1044 1157 secretum?
1065 1113 1184 1158 unde
1207 1113 1443 1173 Apostolus

49 1183 156 1229 dicit
180 1204 189 1230 :
220 1183 385 1239 «Quod
407 1184 494 1229 suit
515 1200 538 1228 a
561 1183 730 1229 saeculis
754 1184 1060 1229 absconditum
1079 1189 1151 1240 (e).
1179 1203 1199 1226 »

96 1259 154 1301 ΙΙ.
165 1259 274 1302 Nam
287 1256 377 1318 ipsa
387 1256 977 1316 MaterDominivirginitatis
993 1273 1080 1301 sure
1090 1257 1276 1312 conscia,
1290 1273 1441 1318 quem-

48 1326 287 1372 admodum
315 1328 460 1384 fieret,
504 1336 555 1372 ut
589 1327 706 1372 salvo
736 1327 904 1388 pudore
926 1328 1166 1386 genuisset,
1194 1328 1248 1371 ab
1270 1328 1440 1387 Angelo

48 1398 271 1459 requisivit
289 1418 297 1444 :
319 1397 599 1453 «Quomodo,
626 1398 792 1459 inquit,
814 1399 889 1442 fiet
910 1397 1042 1453 istud,
1070 1398 1172 1459 quia
1193 1399 1336 1442 virum
1350 1415 1439 1444 non

49 1488 71 1512 »
105 1470 288 1528 cognovi
303 1468 383 1526 (cl).
398 1488 418 1511 »
441 1470 685 1514 Parituram
708 1470 932 1528 Virginem
954 1471 998 1513 in
1021 1470 1247 1530 Prophetis
1269 1485 1320 1515 ex
1342 1470 1440 1530 lege

45 1540 219 1597 audivi,
245 1541 324 1586 sed
345 1540 720 1602 quemadmodum
743 1542 839 1596 fiet,
865 1541 1039 1601 penitus
1064 1558 1293 1603 nunquam
1315 1543 1434 1587 scivi.

44 1617 168 1672 Rogo
199 1628 302 1672 ergo
336 1622 401 1669 te,
439 1612 685 1657 beatissime
721 1612 920 1669 Gabriel,
965 1613 1132 1672 Angele
1161 1614 1260 1669 Dei,
1297 1629 1437 1658 secrc-

45 1694 138 1729 tum
159 1685 268 1729 tanti
300 1684 496 1743 mysterii
518 1684 690 1744 pudicae
715 1684 883 1742 Virgini
905 1699 1071 1744 expone
1094 1694 1431 1731 sacramentum.

42 1756 288 1801 Exhibuisti
305 1755 411 1801 mihi
426 1772 584 1801 novam
602 1755 925 1811 salutationem,
944 1755 1078 1800 redde
1093 1757 1258 1815 Virgini
1275 1773 1434 1802 conso-

42 1827 274 1886 lationem,
293 1828 587 1887 virginitatem
611 1843 753 1871 meam
784 1830 874 1872 Deo
898 1827 1061 1886 dicavi,
1086 1828 1133 1872 in
1155 1827 1319 1889 templo
1341 1830 1434 1889 ejus

41 1899 199 1944 servire
213 1897 370 1958 delegi.
391 1901 526 1944 Narra
543 1914 646 1958 ergo
661 1898 766 1942 mihi
789 1918 808 1940 «
827 1898 1058 1951 Quomodo
1077 1900 1151 1943 fiet
1164 1898 1297 1954 istud,
1319 1916 1433 1960 quo-

43 1987 64 2012 »
82 1970 200 2014 niam
211 1970 353 2014 virum
371 1985 460 2014 non
477 1985 708 2029 cognosco,
723 1988 743 2010 >›
761 1968 956 2029 quandiu
969 1969 1083 2014 vivo.
1101 1973 1158 2014 Et
1170 1970 1363 2029 Angelus
1377 1970 1433 2015 ad

40 2057 136 2086 eam
150 2044 268 2087 :Non
280 2056 510 2100 cognosces
523 2041 682 2096 virum,
700 2056 904 2100 agnosces
918 2041 1175 2099 mysterium
1193 2061 1201 2087 :
1222 2042 1433 2101 «Spiritus

42 2130 63 2154 »
98 2122 272 2157 sanctus
285 2112 560 2172 superveniet
576 2112 621 2155 in
635 2121 693 2165 te,
714 2120 757 2155 et
770 2111 906 2155 virtus
920 2111 1127 2156 Altissimi
1145 2111 1432 2159 obumbrabit

42 2203 63 2226 »
99 2183 178 2228 tibi
196 2219 207 2239 ,
231 2183 421 2244 ideoque
442 2183 563 2244 quod
585 2192 786 2228 nascetur
817 2198 868 2227 ex
892 2192 935 2226 te
960 2185 1167 2228 Sanctum
1201 2184 1432 2229 vocabitur

44 2276 62 2298 »
98 2255 234 2300 Filius
252 2256 328 2299 Dei
345 2259 416 2311 (e).
442 2276 458 2296 »
484 2258 540 2299 Et
560 2254 664 2300 illa:
700 2255 776 2299 Dic
795 2270 911 2313 ergo,
937 2255 1096 2316 inquit,
1123 2256 1246 2309 mihi,
1267 2257 1430 2301 Nuntie

39 2327 132 2382 Dei,
153 2343 243 2372 non
265 2326 437 2371 estleve
459 2326 579 2388 quod
601 2325 706 2371 dicis
726 2347 734 2371 z
761 2326 1024 2381 «Quomodo
1047 2327 1121 2370 fiet
1139 2326 1279 2382 istud,
1314 2344 1430 2388 quo-

43 2419 60 2439 »
96 2398 213 2442 niam
224 2399 367 2442 virum
382 2414 471 2442 non
483 2414 713 2457 cognosco,
729 2416 749 2439 »
766 2397 963 2459 quandiu
978 2398 1134 2442 vivo?»
1157 2397 1267 2442 Vide
1281 2401 1429 2457 Ange-

37 2469 129 2514 lum
146 2470 367 2526 scientem,
393 2479 436 2514 et
452 2469 571 2514 illam
594 2479 878 2532 qurerentem.
896 2470 1096 2526 OMaria,
1119 2469 1237 2526 audi,
1269 2490 1284 2511 «
1304 2473 1428 2524 Quo-

82 2577 128 2618 (a)
153 2580 244 2611 Jozm.
269 2590 298 2620 ι,
318 2578 347 2610 3.
371 2596 414 2601 —-
437 2579 480 2619 (b)
499 2579 577 2616 Psal.
599 2590 727 2621 mxxvi,
752 2580 781 2612 5.
809 2596 850 2604 -
873 2579 915 2620 (c)
933 2578 1049 2613 coloss.
1071 2590 1083 2613 ι
1100 2605 1109 2622 ,
1133 2579 1186 2614 26.
1209 2597 1250 2603 —
1275 2579 1327 2621 (d)
1346 2582 1424 2615 Luc.

42 2645 72 2676 1,
92 2632 144 2676 34.
163 2651 203 2657 --
228 2633 267 2675 (a)
287 2633 435 2667 11›i‹1.35.
