1803 3276
187 277 241 313 50
625 285 660 310 s.
698 282 928 310 Auotsruw
965 283 1145 311 nprscon

187 356 387 393 taverunt
422 347 636 391 elementa
673 347 826 390 mundi
841 382 852 402 ,
890 345 1022 391 lanati
1066 355 1168 391 sunt
1205 344 1330 393 inseri
1348 381 1358 401 ‚
1386 361 1576 407 quorum

184 419 412 479 ergastulis
437 419 719 474 tenclmntur,
746 420 894 463 mortis
915 417 1128 478 compede
1149 427 1193 463 et
1212 417 1378 464 ditione
1401 420 1574 479 captivi.

184 495 411 539 Lat-[entur
432 506 533 548 ergo
557 490 686 534 hodic
709 490 862 551 populi
884 489 1102 537 christiani
1122 524 1133 545 ,
1170 490 1273 550 quia
1294 498 1423 536 natus
1447 499 1511 536 est
1533 491 1579 537 in

183 578 315 609 carne
337 561 549 607 Dominus
582 560 761 616 mundi,
800 570 844 605 ct
871 559 1070 605 delettun
1091 569 1155 606 est
1176 560 1369 621 elogium
1390 561 1580 607 hominis

182 633 407 697 primitivi.
443 635 578 677 Natus
613 640 678 676 est
709 632 922 676 Dominus
944 631 989 676 in
1011 646 1140 676 carne
1162 647 1264 676 vera
1279 665 1292 687 ‚
1316 641 1362 679 et
1380 632 1495 678 victa
1515 640 1582 677 est

183 706 230 752 in
253 706 334 749 hae
356 702 588 748 Nativitate
606 711 778 757 natura,
803 702 907 763 quia
934 703 1069 762 Virgo
1096 701 1322 764 concepit,
1340 710 1385 748 et
1404 702 1579 764 peperit

185 776 369 829 inlibata,
391 783 435 819 et
455 773 568 819 faeta
586 783 650 818 est
666 783 801 818 mater
821 789 939 830 vera,
960 790 1061 834 quae
1083 775 1320 834 permansit
1333 775 1457 835 virgo
1477 789 1582 837 per-

185 857 334 910 petua.
359 847 496 892 Natus
513 855 577 890 est
594 845 727 890 hodie
749 846 959 890 Dominus
977 866 988 904 3
1013 846 1265 906 redemptus
1283 855 1348 892 est
1369 845 1580 902 mundus,

185 929 230 966 ct
250 919 378 964 elisus
399 927 464 963 cst
481 916 697 962 diabolus.
719 920 776 962 Et
796 917 941 963 videte
964 932 1056 962 rem
1073 918 1243 962 miram.
1261 919 1397 963 Natus
1419 927 1483 962 est
1498 915 1584 963 ho·-

185 990 258 1039 die
285 1006 444 1051 agnus,
480 999 526 1035 et
552 989 730 1050 fugatus
757 999 821 1034 est
842 988 988 1050 lupus.
1014 992 1150 1036 Natus
1173 998 1239 1034 est
1261 989 1392 1035 hodie
1415 1003 1581 1049 agnus,

186 1072 232 1110 ct
261 1062 547 1107 annuntiatus
591 1070 655 1105 est
675 1060 924 1106 Pastoribus
955 1069 1104 1120 pastor
1135 1060 1279 1106 bonus
1315 1068 1359 1105 et
1391 1074 1531 1120 agnus
1570 1078 1581 1106 ε

187 1143 334 1197 pastor
356 1133 414 1178 ad
438 1132 680 1178 custodiam
696 1168 706 1188 ,
732 1148 871 1191 agnus
894 1131 951 1176 ad
971 1132 1210 1176 victimam.
1244 1134 1302 1176 Et
1321 1130 1425 1192 quia
1446 1146 1585 1192 agnus

186 1205 364 1259 dicitur,
386 1213 429 1247 ct
446 1205 553 1248 aries
576 1212 620 1248 et
641 1203 732 1248 ovis
751 1218 840 1248 csse
853 1202 1126 1263 perhibetur.
1147 1205 1244 1262 Ipse
1263 1210 1328 1246 est
1341 1202 1460 1246 enim
1476 1201 1587 1248 aries

186 1277 264 1340 qui
288 1275 520 1321 tenebatur
541 1275 586 1318 in
608 1274 743 1334 spinis
763 1274 998 1329 cornibus,
1023 1287 1125 1318 cum
1148 1271 1443 1318 immolandus
1465 1275 1586 1318 Isaac

187 1350 343 1394 beatus
367 1346 518 1392 fuisset
540 1345 712 1392 oblatus
728 1349 758 1391 ¹.
781 1346 860 1392 Ille
884 1346 1075 1408 denique
1103 1345 1352 1391 subtractus
1377 1355 1442 1391 est
1462 1344 1583 1402 neci,

187 1422 260 1468 hic
283 1419 440 1465 affixus
473 1428 539 1465 est
570 1419 705 1464 cruci.
737 1418 817 1463 llle
838 1417 999 1478 ligatus
1021 1416 1208 1463 vinculis
1230 1432 1361 1478 super
1381 1416 1500 1478 ligna
1515 1418 1588 1479 Ja-

187 1494 306 1551 cuit·⁷
331 1493 529 1538 Christus
563 1491 719 1537 affixus
739 1491 870 1536 clavis
888 1491 935 1536 in
956 1506 1085 1536 cruce
1107 1490 1347 1552 pependit3
1371 1499 1415 1535 et
1435 1498 1588 1551 porta-

185 1567 251 1612 vit
273 1580 481 1610 coronam
497 1564 709 1625 spineam,
735 1563 936 1609 cumiret
959 1561 1016 1608 ad
1037 1563 1277 1619 victimam,
1302 1562 1379 1624 qui
1395 1562 1488 1623 jam
1507 1561 1590 1608 ha-

187 1636 289 1682 buit
328 1651 535 1680 coronam
568 1651 619 1679 ex
655 1635 853 1695 pretiosis
888 1634 1107 1695 lapidibus
1124 1668 1136 1690 ,
1176 1633 1413 1695 pretiosam
1454 1648 1588 1678 manu

189 1707 351 1763 Patris,
383 1707 566 1752 artificio
600 1706 770 1766 pietatis
798 1707 1025 1751 intextam.
1061 1705 1219 1752 Arietis
1255 1705 1420 1767 quippe
1448 1704 1590 1751 omnis

189 1779 327 1824 virtus
355 1777 401 1821 in
426 1776 570 1822 fronte
592 1787 678 1835 est3
701 1787 744 1822 et
761 1777 887 1822 nobis
909 1775 1124 1822 fortitudo
1147 1777 1288 1822 omnis
1301 1777 1486 1822 incruce
1499 1790 1589 1837 qua

190 1850 413 1908 signamur
426 1849 468 1892 in
480 1847 639 1893 fronte.
652 1852 715 1893 Ae
727 1847 908 1908 perinde
919 1847 1041 1909 quod
1051 1864 1127 1908 per
1141 1848 1328 1907 figuram
1339 1850 1363 1893 J
1367 1846 1492 1892 udaea
1499 1847 1589 1906 sig-

191 1920 326 1967 nabat
349 1919 394 1963 in
413 1918 635 1979 postibus,
665 1935 744 1964 nos
762 1919 974 1963 habemus
994 1919 1041 1963 in
1063 1919 1301 1974 frontibus,
1326 1934 1407 1979 pro
1427 1917 1590 1979 quibus

192 2008 331 2052 agnus
348 1992 559 2036 innocens
575 1990 759 2036 docetur
773 1991 953 2037 occisus.
972 1990 1093 2037 Aries
1109 2007 1213 2050 ergo
1230 1989 1475 2036 secundum
1488 2005 1592 2035 con-

192 2064 395 2110 stantiam
412 2098 423 2118 ,
461 2079 596 2122 agnus
621 2065 747 2124 juxta
781 2052 1093 2110 innocentiam.
1119 2066 1178 2109 Et
1204 2063 1404 2124 quamvis
1431 2061 1590 2108 diversi

193 2152 317 2183 sexus
341 2145 444 2180 sunt
464 2135 508 2179 in
533 2135 828 2180 animantibus
850 2135 940 2180 istis
955 2170 966 2191 ‚
1010 2145 1159 2181 tamen
1190 2145 1254 2181 est
1275 2144 1430 2182 natura
1453 2150 1589 2196 gene-

193 2208 250 2252 ris
272 2208 316 2251 in
339 2206 517 2251 unitatis
539 2205 789 2267 aequalitate
814 2206 1068 2251 conformis.

254 2280 355 2323 ΥΙΙ.
381 2280 517 2322 Natus
541 2286 606 2322 est
623 2293 726 2337 crgo
746 2276 876 2322 hodie
897 2278 942 2322 in
961 2291 1093 2322 carne
1114 2280 1231 2322 Deus
1246 2311 1258 2332 ‚
1286 2286 1331 2322 et
1364 2275 1591 2323 «Claritas

198 2369 220 2393 )›
254 2354 345 2395 Deo
363 2350 621 2394 annuntiata
650 2359 714 2394 est
736 2351 780 2394 in
803 2349 977 2395 excelsis
992 2384 1003 2405 ‚
1029 2359 1072 2394 et
1093 2366 1176 2411 pax
1197 2350 1243 2394 in
1265 2358 1378 2395 terra
1398 2349 1593 2394 homini-

197 2440 218 2464 >›
253 2422 336 2467 bus
358 2421 487 2466 bona}
508 2420 745 2466 voluntatis
760 2423 848 2480 (a).
869 2440 889 2464 »
911 2421 1096 2468 Claritas
1117 2424 1209 2467 Deo
1226 2420 1515 2482 praestituitur
1535 2419 1593 2466 ad

240 2517 285 2559 (a)
305 2520 382 2551 Luc.
396 2530 434 2560 11,
457 2516 509 2559 11.

244 2588 342 2620 ¹Vidc
372 2586 641 2629 comparationem
664 2587 763 2621 Isaaci
784 2597 857 2620 cum
883 2587 1008 2620 Christo
1039 2587 1069 2619 in
1097 2587 1154 2620 lib.
1183 2598 1218 2622 n.
1246 2591 1362 2622 contra
1385 2585 1591 2621 Maximinum

196 2644 399 2685 Asianumm.
419 2654 458 2686 9;
484 2649 514 2677 ci,
530 2644 764 2677 linai·rationi-m
780 2654 810 2676 111
823 2644 852 2677 iu
866 2644 946 2676 Psal.
970 2654 1046 2686 xxx,
1063 2654 1092 2676 n.
1105 2656 1138 2686 ς).
