1803 3276
492 216 631 248 sunno
662 217 721 249 ιν,
756 219 810 249 DE
842 217 994 247 msam
1028 220 1076 248 ιι.
1389 207 1467 247 361

91 382 588 400 mmmmmmwu

803 381 1476 401 WWWWWWWWWMWW

604 506 825 555 SERMO
872 506 959 555 1V.

639 639 694 677 De
719 639 860 677 Pascha
884 637 937 676 ΙΙ.

256 761 377 811 Super
395 761 639 810 Evangelium
656 773 666 801 z
695 763 853 802 Thomas
875 766 944 813 qui
959 764 1099 802 dicitur
1118 763 1320 812 Didymus.

140 887 271 926 Sermo
290 889 360 926 iste
382 890 452 937 qui
472 888 609 937 leqitur
626 891 666 927 in
687 889 776 927 Cod.
797 890 899 927 Cass.
919 898 1049 932 cxvn,
1070 890 1136 937 sot.
1152 890 1199 928 43
1212 917 1222 935 ‚
1236 891 1318 938 jam
1333 894 1477 938 partim

92 949 279 994 reperitur
293 952 499 994 stampatus
509 950 552 984 in
565 947 773 995 Appendice
786 948 1052 986 Maurinorum
1065 961 1078 989 ,·
1091 950 1179 992 fi'nis
1194 954 1317 984 autem
1326 961 1483 996 prorsus

93 1007 219 1053 differt
233 1019 248 1048 ,-
269 1007 402 1043 titulus
425 1012 549 1043 autem
567 1012 618 1043 est
641 1010 685 1044 de
704 1008 860 1044 Pascha.
874 1007 1049 1044 Maurini
1064 1007 1173 1044 illum
1189 1007 1486 1055 Semipetaqiano

94 1066 278 1107 tribuunt,
293 1067 358 1103 sed
370 1066 467 1112 salso
483 1068 652 1113 quidem.-
671 1066 765 1102 hane
783 1068 880 1102 enim
893 1067 1161 1102 accusationem
1175 1077 1221 1102 cae
1241 1078 1280 1102 eo
1296 1069 1484 1103 deducunt

94 1126 196 1172 quod
214 1126 426 1170 proecedens
448 1126 497 1160 sit
513 1122 825 1171 Semipelaqianz',
845 1129 878 1160 et
895 1134 1049 1172 sequens
1074 1126 1124 1161 ad
1145 1126 1408 1171 praecede-ntem
1426 1137 1485 1161 re·

94 1185 254 1231 seratur.
276 1181 326 1220 At
343 1185 384 1220 in
396 1188 524 1220 nostro
545 1183 675 1220 Codice
698 1194 815 1219 sermo
835 1186 1045 1231 praecedens
1062 1189 1113 1220 est
1130 1184 1429 1231 Auqustinianus
1445 1188 1487 1221 in

94 1241 135 1279 S.
149 1242 336 1279 Joannem
354 1250 469 1283 cxxi,
488 1243 587 1278 unde
602 1242 735 1278 metius
747 1243 920 1278 concludi
931 1247 1052 1289 posset
1067 1243 1176 1279 illum
1193 1254 1267 1279 esse
1285 1245 1486 1290 genuinum

97 1303 219 1338 sancti
241 1301 414 1338 Doctoris
437 1300 586 1347 soetum,
615 1311 698 1337 cum
718 1305 929 1348 praesertim
953 1312 999 1337 ne
1023 1311 1139 1337 unum
1166 1304 1316 1349 quidem
1337 1302 1488 1338 verbum

98 1361 416 1408 deprehendatur,
430 1362 532 1408 quod
546 1371 710 1397 errorem
731 1361 1059 1408 semipelaqianum
1072 1363 1208 1407 sapiat.
1226 1360 1348 1397 Unum
1365 1366 1489 1397 autem

96 1431 154 1457 me
172 1421 218 1457 ab
237 1423 308 1458 isto
326 1420 375 1457 B.
393 1420 547 1458 Doctori
562 1420 758 1458 tribuendo
774 1423 951 1465 deterret,
971 1424 1044 1458 ista
1057 1432 1185 1468 nempe
1208 1424 1390 1457 sententia
1412 1432 1489 1468 qua

102 1480 279 1516 Thomam
298 1479 474 1516 Sanctum
491 1507 501 1523 ‚
523 1480 690 1516 Fidelem
710 1484 744 1515 et
770 1480 791 1515 J
796 1486 919 1516 ustum
936 1491 975 1515 eo
994 1483 1073 1526 ipso
1091 1485 1250 1526 tempore
1269 1484 1397 1521 vocat,
1417 1491 1490 1526 quo

97 1539 300 1581 dubitaret,
321 1544 388 1575 aut
396 1542 524 1585 potius
541 1550 614 1586 quo
628 1540 800 1576 dubitare
813 1540 1020 1583 videretur,
1036 1550 1118 1575 cum
1131 1550 1177 1575 ea·
1193 1540 1316 1575 eodem
1333 1540 1490 1575 Auctore

103 1601 255 1636 minime
272 1599 520 1642 dubitaverit,
535 1601 598 1635 sed
613 1605 766 1645 propter
783 1609 849 1634 nos
867 1602 978 1646 quasi
993 1599 1168 1635 dubitans
1186 1601 1314 1645 eqerit.
1332 1598 1489 1635 Contra-

97 1660 199 1694 rium
211 1658 371 1705 affirmat
387 1657 436 1693 B.
450 1658 685 1705 Auqustinus
702 1660 741 1694 in
756 1660 834 1704 ipso
853 1668 1016 1694 sermone
1029 1668 1143 1704 supra
1157 1660 1291 1701 citato,
1313 1659 1362 1693 ad
1383 1668 1491 1704 quem

99 1718 197 1753 hunc
208 1719 383 1764 prooeime
400 1720 586 1764 pertinere
607 1720 840 1753 crederetur:
858 1728 939 1753 cum
957 1719 1046 1754 dicit
1059 1718 1167 1753 illum
1187 1717 1388 1752 credidisse
1404 1718 1491 1762 quia

99 1776 266 1819 viderat,
286 1782 324 1812 et
342 1776 613 1812 dubitationem
633 1777 858 1820 removisse3
880 1780 914 1812 et
934 1776 1029 1812 alibi
1039 1785 1166 1822 nempe
1178 1774 1297 1812 Serm.
1313 1784 1465 1811 ccm’lu
1480 1802 1489 1820 ‚

99 1846 139 1871 n.
171 1844 244 1880 111,
272 1835 338 1872 ubi
358 1835 468 1872 illum
495 1835 744 1882 interpellans
768 1837 879 1876 dicit;
906 1834 1150 1880 Evangelistae
1182 1836 1244 1870 tihi
1274 1835 1491 1870 annuntiant

100 1899 138 1930 et
155 1904 230 1930 non
250 1895 386 1930 credis.
403 1895 482 1930 Illis
502 1895 664 1930 credidit
683 1895 844 1930 mundus
860 1921 869 1935 ,
888 1901 923 1930 et
948 1905 1021 1930 non
1040 1895 1161 1930 credit
1179 1894 1400 1939 discipulus,
1416 1899 1490 1928 ete.

101 1951 208 1989 Adde
228 1955 330 2001 quod
351 1956 392 1990 in
417 1955 496 2000 ipso
518 1963 682 1989 sermone
703 1954 888 1990 dubitasse
906 1954 1063 1989 Thomas
1081 1946 1319 2000 supponitur,
1342 1953 1494 1999 quando

103 2015 272 2050 dieitur.-
300 2013 415 2050 Venit
444 2014 554 2050 Jesus
589 2014 710 2060 januis
741 2015 896 2060 clausis;
915 2014 965 2049 sic
989 2014 1154 2060 oportuit
1182 2014 1312 2049 venire
1338 2012 1400 2047 ubi
1426 2022 1493 2047 cor

104 2072 366 2109 incredulitate
388 2071 552 2108 clausum
573 2079 653 2108 erat
667 2099 677 2116 ,
698 2079 772 2108 etc,
807 2071 910 2108 Unde
928 2073 1036 2109 illum
1054 2074 1095 2108 in
1113 2071 1357 2117 Appendicem
1374 2071 1491 2117 depu-

105 2136 252 2176 tamus,
278 2132 342 2167 sed
360 2136 515 2178 propter
541 2131 817 2171 diversitatem,
840 2142 922 2178 quae
956 2133 1053 2167 inter
1086 2131 1182 2166 hune
1201 2136 1233 2166 et
1260 2131 1419 2165 alterum
1453 2132 1492 2166 in

111 2189 380 2228 Maurinorum
408 2189 618 2237 Appendice
645 2195 871 2236 stampatum
904 2192 1119 2234 intercedit,
1150 2192 1245 2236 typis
1274 2189 1492 2225 submitten-

107 2251 199 2286 dum
223 2259 299 2284 esse
320 2250 563 2286 credidimus.
594 2248 766 2285 Ponatur
784 2251 823 2285 in
843 2249 961 2284 locum
983 2247 1170 2285 Sermonis
1187 2256 1302 2284 cnxu
1316 2275 1326 2290 ,
1345 2247 1495 2294 Appen-

107 2310 202 2345 dicis
220 2307 492 2346 Maurinensis.
