1803 3276
681 216 911 248 misarum.
1466 206 1492 243 9

104 295 418 334 numentorum
451 294 665 331 vetustate
702 287 864 331 eminet
893 282 1162 329 bibliotheca
1198 282 1272 327 illa
1308 281 1493 327 Montis-

105 358 293 415 Cassini,
317 373 416 420 quac
438 367 536 418 post
557 357 812 402 Vaticanam
834 371 925 401 non
957 354 1157 398 infimum
1180 351 1326 397 locum
1349 361 1495 397 tenere

105 428 226 474 haud
247 429 463 474 immerito
486 428 682 473 dixerim.
720 428 825 482 Quis
848 436 912 472 est
933 427 1047 471 inter
1067 425 1184 486 pios,
1209 423 1285 485 qui
1306 440 1396 469 non
1418 439 1497 469 au-

104 498 234 546 dierit
250 500 380 561 hujus
397 499 633 544 venerandi
650 499 812 545 Montis
831 497 1120 553 sanctitatem,
1141 495 1220 541 ubi
1236 495 1496 540 Benedictus

105 580 204 632 post
223 571 429 631 scriptam
449 570 495 615 in
519 570 708 617 Subiaco
730 570 927 630 regulam
943 604 954 625 ,
992 583 1156 614 novum
1179 566 1329 626 gratiae
1350 575 1393 610 et
1407 566 1497 611 vir-

103 641 212 688 tutis
233 641 402 687 sontem
425 657 614 687 reserare
636 640 840 702 dignatus
861 651 954 700 est,
977 640 1056 685 ubi
1078 656 1128 685 ex
1150 638 1223 683 illa
1241 648 1360 684 turre
1375 672 1386 693 ,
1411 654 1499 698 qua

106 713 252 760 adhuc
273 713 504 775 superstite
526 713 655 759 beata
679 724 792 759 terra
824 713 1050 773 gloriatur,
1075 721 1120 757 et
1149 713 1191 756 S.
1223 708 1499 756 Scholastica>

106 784 285 842 sororis,
320 793 364 829 et
393 786 436 830 S.
464 785 670 830 Germani
696 785 887 846 episcopi
909 784 1072 829 animas
1093 781 1150 828 ad
1172 781 1308 828 coelos
1330 779 1500 826 evolare

107 857 360 919 conspexit,
390 856 469 904 ubi
502 857 613 902 tanti
635 858 859 918 magistri,
880 859 972 919 jam
1005 873 1029 902 a
1051 854 1303 918 quindecim
1332 852 1501 899 saeculis

107 927 323 985 defuncti,
346 927 454 975 vivit
472 928 617 974 adhue
634 928 681 973 in
694 928 917 990 discipulis
933 927 1186 972 indeficiens
1202 925 1503 970 inexhaustus-

105 1016 193 1063 que
214 1000 421 1062 spiritus?
448 1001 555 1055 Quis
576 1016 781 1061 agrorum
802 1000 1015 1046 ubertatis
1039 1015 1088 1045 ac
1110 997 1294 1060 proinde
1310 996 1501 1058 populo-

105 1087 205 1118 rum
226 1071 511 1118 abundantiae
533 1071 720 1134 cupidus
736 1108 747 1129 ,
773 1072 917 1118 aridos
940 1080 1110 1117 montes
1129 1071 1175 1115 in
1195 1069 1355 1115 virides
1383 1084 1502 1115 eam-

105 1159 184 1206 pos
204 1144 443 1205 hortosque
460 1143 624 1190 fertiles
642 1159 888 1201 conversos,
911 1159 1081 1205 asperas
1099 1141 1343 1202 rigidasque
1360 1139 1503 1199 sylvas

107 1215 290 1261 amoenis
306 1214 615 1278 foecundisque
627 1217 760 1278 pratis
776 1216 924 1263 locum
938 1215 1158 1270 cedentes,
1172 1213 1306 1259 valles
1317 1211 1504 1258 incultas

106 1295 151 1333 et
162 1286 394 1348 paludosas
412 1287 646 1344 ditissimis,
663 1287 779 1334 felici
791 1288 1051 1342 mutatione,
1072 1285 1341 1331 luxuriantes
1352 1282 1504 1329 messi-

105 1358 205 1414 bus,
230 1367 274 1404 et
295 1358 471 1419 tuguria
487 1394 498 1414 ,
525 1367 568 1403 et
587 1357 711 1404 villas
735 1368 779 1404 et
800 1359 993 1404 civitates
1011 1357 1162 1413 oculis,
1189 1371 1299 1418 quos
1312 1354 1506 1416 primum

105 1428 284 1474 horrida
305 1428 500 1474 terrebat
521 1428 728 1486 solitudo,
748 1429 897 1474 laetum
912 1429 1250 1490 jucundumque
1271 1426 1505 1472 offerentes

107 1508 349 1560 aspectum,
369 1500 465 1561 quis
477 1500 573 1545 haec
586 1500 748 1556 omnia,
771 1499 995 1545 indefessis
1008 1499 1325 1545 monachorum
1338 1495 1505 1541 labori-

81 1604 84 1606 ,
107 1570 191 1616 bus
202 1569 259 1615 ad
271 1569 480 1616 effectum
491 1570 719 1631 perducta,
739 1569 1081 1631 contemplando
1094 1586 1185 1615 non
1198 1568 1387 1614 exultet?
1399 1565 1506 1621 Quis

108 1640 222 1688 inter
236 1642 396 1687 artium
406 1640 655 1687 liberalium
668 1653 879 1688 amatores
893 1657 983 1688 non
994 1642 1176 1688 miretur
1188 1640 1309 1686 illam
1321 1637 1507 1699 ingentis

107 1713 357 1759 monasterii
380 1713 542 1759 molem
562 1749 574 1771 ,
598 1714 782 1776 triplicia
804 1713 991 1760 claustra
1005 1750 1016 1770 ,
1044 1712 1270 1759 columnas
1291 1709 1507 1757 columnis

106 1785 413 1846 superpositas,
431 1801 648 1832 marmora
665 1785 902 1847 sculpturae
917 1786 1099 1832 artifieio
1116 1783 1506 1830 illustrissimorum

107 1855 358 1917 principum
374 1855 524 1902 vultus
546 1857 753 1918 spirantia
765 1893 777 1913 ,
810 1866 854 1903 et
870 1857 1082 1918 imprimis
1100 1855 1314 1916 templum
1331 1852 1443 1899 illud
1459 1852 1506 1897 in

109 1941 199 1988 quo
216 1927 328 1972 tanti
343 1927 510 1988 lapides
526 1927 704 1989 pretiosi
720 1927 1055 1974 admirationem
1071 1927 1269 1988 rapiunt,
1290 1935 1342 1970 ut
1360 1924 1505 1970 solum

108 1998 294 2058 supersit
310 2013 391 2059 pro
409 1997 542 2043 laude
568 1998 813 2058 silentium,
837 2008 972 2044 tantae
994 1998 1238 2059 primorum
1256 1996 1507 2042 artistarum

109 2066 285 2113 tabellae
322 2068 516 2115 attonitis
553 2079 792 2115 occurrunt
822 2070 959 2115 oculis
973 2104 986 2125 ,
1019 2078 1070 2114 ut
1092 2067 1222 2114 defixi
1253 2067 1300 2112 in
1342 2066 1505 2112 obtutu

109 2139 406 2186 indesinenter
426 2141 647 2200 haereant,
681 2150 813 2187 tantae
846 2141 1010 2187 divitiae
1041 2141 1089 2186 in
1118 2141 1213 2201 ipso
1234 2138 1506 2190 seminantur

110 2211 387 2273 pavimento,
412 2223 464 2259 ut
495 2214 566 2260 vix
585 2213 720 2275 pedes
740 2229 916 2259 movere
937 2213 1124 2275 quisque
1143 2209 1415 2273 stupefactus
1432 2226 1508 2256 au-

108 2281 241 2328 deat?
271 2283 379 2338 Quis
402 2283 594 2345 denique
618 2284 664 2330 in
687 2284 930 2330 litteratura
953 2285 1042 2330 sive
1070 2283 1382 2339 ecclesiastica,
1419 2282 1506 2329 sive

109 2351 295 2415 profana
321 2353 394 2400 vel
425 2354 657 2416 paululum
688 2356 945 2402 exercitatus
978 2370 1136 2416 magna
1166 2370 1268 2400 cum
1301 2354 1506 2401 aviditate

111 2439 205 2471 non
224 2424 516 2486 amplectatur
531 2435 699 2475 veteres
713 2426 810 2474 illos
823 2427 1122 2488 pretiososque
1135 2424 1320 2482 codices,
1345 2427 1391 2471 in
1408 2427 1508 2488 qui-

107 2495 196 2543 bus
216 2497 321 2544 hinc
339 2497 583 2555 Ciceronis,
608 2498 803 2558 Virgilii,
829 2499 979 2554 Plinii,
1008 2501 1207 2554 Senecae,
1233 2498 1506 2560 aliorumque

111 2567 505 2617 illustrissimorum
517 2577 757 2628 oratorum,
777 2581 853 2618 aut
864 2573 1092 2634 poetarum
1105 2606 1115 2629 ,
1137 2580 1214 2616 aut
1220 2570 1505 2631 philosopho-
