1803 3276
435 298 575 324 senno
610 298 762 324 xxxlv.
800 297 853 324 m:
888 295 1040 325 rAscuA
1074 299 1164 325 xxiv.
1417 291 1498 330 195

111 363 178 407 nis
195 362 318 406 istius
334 362 507 422 pondus
524 361 741 406 declinare
761 361 1049 406 mediocritati
1065 373 1223 407 nostrcc
1238 364 1502 411 tutissimum

110 442 386 493 putaremus,
412 433 493 477 nisi
523 449 546 477 e
573 433 789 477 contrario
823 433 1064 493 periculum
1099 435 1268 491 gravius
1300 436 1499 493 instaret,

110 503 145 548 si
181 519 260 564 per
291 503 501 548 desidiam
536 518 584 547 ac
627 503 876 561 neglectum
905 504 1180 549 sacerdotalis
1207 507 1353 563 oflicii,
1380 508 1503 552 rudi-

111 585 261 620 menta
303 573 513 619 infantilis
551 573 696 619 adhuc
736 574 993 633 ignorantiae
1036 576 1305 621 deserantur.
1350 581 1504 639 Itaque

111 654 244 705 prout
263 645 475 690 Dominus
496 643 752 690 humilitatis
775 654 934 690 nostrae
956 646 1152 691 sensibus
1175 647 1376 707 dignatus
1402 648 1502 694 fue-

110 715 168 760 rit
187 715 420 760 infundere
441 716 497 761 de
521 726 889 762 sacramentorum
923 734 971 763 ac
999 718 1306 764 sacrificiorum
1329 720 1504 765 inenar-

111 786 238 831 rabili
259 787 378 832 bono
399 787 622 847 disputare
645 788 916 833 conabimur.
944 790 1143 834 Offerant
1165 806 1244 850 pro
1266 807 1336 835 me
1357 807 1504 852 preces

111 866 211 902 vota
248 857 544 917 credentium3
577 859 764 904 offerant
794 861 1080 920 agnoscendae
1113 862 1304 907 veritatis
1335 862 1506 907 deside-

111 929 225 974 rium
247 929 380 976 corda
401 929 717 975 dubitantium.

173 1004 231 1046 II.
257 1002 470 1057 Audistis,
495 1002 788 1058 Dilectissimi,
814 1004 1040 1063 prophetae
1061 1003 1288 1048 Malachiae
1311 1005 1504 1061 oraculo,

110 1072 267 1117 veteris
295 1071 412 1116 ‘itlius
440 1071 593 1132 populi
626 1073 832 1117 sacrificia
859 1089 966 1118 voce
997 1074 1074 1118 Dei
1105 1075 1382 1134 reprobata1‚
1406 1090 1509 1120 cum

110 1142 233 1189 dicit:
259 1163 281 1186 «
303 1146 402 1189 Non
420 1153 485 1188 est
504 1144 612 1188 mihi
633 1143 836 1189 voluntas
857 1144 903 1188 in
925 1145 1064 1200 vobis,
1086 1145 1192 1190 dicit
1212 1148 1440 1202 Dominus,
1467 1156 1510 1191 et

114 1233 137 1258 n
170 1214 430 1260 sacrificium
479 1231 571 1260 non
604 1215 812 1276 accipiam
851 1216 905 1260 de
945 1232 1080 1261 manu
1122 1227 1263 1262 vestra
1282 1223 1360 1274 (α).
1392 1237 1411 1260 »
1453 1222 1511 1264 Et

111 1285 337 1347 quomodo
358 1286 491 1330 homo
514 1286 840 1331 consecrabitur
867 1289 974 1342 Deo,
994 1287 1027 1331 si
1049 1287 1256 1332 sacrificia
1279 1287 1507 1345 tollantur,

113 1373 215 1402 cum
236 1357 406 1418 utique,
427 1357 503 1400 ubi
527 1372 645 1401 sacra
666 1356 840 1412 desunt,
866 1357 1087 1417 sacrilegia
1111 1359 1372 1405 succedant?
1394 1358 1512 1404 Audi

112 1427 223 1490 quid
243 1427 361 1472 idem
383 1428 601 1488 Propheta
623 1428 706 1472 sub
728 1429 806 1472 Dei
824 1444 930 1473 voce
953 1429 1217 1489 subjungat:
1247 1450 1267 1472 «
1293 1431 1513 1484 Quoniam

116 1517 136 1538 »
169 1517 195 1545 a
218 1499 340 1555 solis,
371 1500 539 1560 inquit,
573 1509 673 1544 ortu
688 1536 698 1555 ,
732 1515 872 1561 usque
896 1499 950 1543 ad
975 1517 1178 1545 occasum
1203 1502 1513 1547 clarificabitur

116 1590 139 1615 η
172 1587 334 1618 nomen
352 1587 501 1616 meum
523 1572 636 1616 inter
659 1582 807 1631 gentes
824 1607 834 1627 ,
857 1581 899 1616 et
916 1572 961 1616 in
983 1573 1104 1617 omni
1121 1573 1220 1619 loco
1249 1575 1513 1620 sacrificabi-

116 1661 139 1686 »
173 1651 245 1688 tur
268 1652 314 1688 et
334 1642 545 1688 offeretur
576 1643 745 1687 nomini
773 1658 872 1688 meo
896 1642 1060 1688 oblatio
1082 1643 1339 1703 munda(b).
1370 1663 1390 1686 »
1416 1648 1514 1692 Non

115 1729 220 1774 ergo
242 1713 462 1759 tolluntur
488 1713 721 1771 sacrificia,
749 1712 824 1758 sed
847 1713 1052 1758 sacrificia
1075 1724 1255 1759 cruenta
1278 1715 1511 1762 tolluntur.

117 1786 254 1832 Unius
276 1785 490 1846 siquidem
519 1785 673 1846 populi
696 1785 955 1846 reprobatur
983 1786 1145 1841 hostia,
1170 1796 1211 1831 et
1239 1780 1271 1830 av
1291 1787 1390 1832 solis
1414 1797 1515 1834 ortu

115 1872 256 1919 usque
275 1856 332 1901 ad
352 1872 555 1902 occasum
581 1856 746 1901 oblatio
769 1857 883 1901 inter
906 1865 1055 1915 gentes
1077 1856 1242 1901 munda
1262 1859 1510 1918 suscipitur.

118 1932 322 1989 Longum
343 1938 408 1974 est
433 1944 554 1973 nunc
576 1928 806 1973 ostendere
827 1927 947 1971 illam
970 1928 1074 1986 legis
1098 1928 1317 1973 victimam
1335 1929 1380 1973 in
1403 1946 1514 1988 agno

116 2001 193 2047 illo
218 2001 487 2046 immaculati
508 1999 679 2045 velleris
712 2009 754 2044 et
783 1999 999 2044 anniculae
1026 1999 1302 2060 perfectionis
1319 2037 1329 2056 ,
1355 2003 1515 2047 Christi

117 2073 352 2133 imaginem
383 2070 650 2133 praetulisse,
681 2070 909 2132 multaque
938 2070 1042 2126 alia,
1070 2071 1230 2132 quibus
1252 2071 1362 2116 nihil
1391 2073 1513 2120 aliud

117 2159 253 2206 quam
273 2152 540 2189 sacramenta
567 2142 797 2187 dominicae
822 2141 1026 2202 passionis
1048 2142 1344 2187 continentur.

179 2218 262 2261 III.
286 2214 618 2260 Transeundum
635 2222 699 2258 est
720 2213 776 2258 ad
795 2212 1052 2272 Evangelia,
1074 2223 1117 2258 et
1135 2213 1179 2257 id
1200 2215 1442 2273 agendum,
1464 2227 1515 2262 ut

119 2286 197 2348 qui
218 2286 382 2331 recenti
410 2284 628 2345 baptismo
662 2301 712 2329 ex
749 2300 861 2345 aqua
898 2295 941 2328 et
981 2284 1169 2344 Spiritu,
1202 2294 1376 2330 aeternae
1413 2288 1515 2332 vitae

120 2357 332 2419 principia
347 2365 642 2416 sumpserunt,
663 2358 856 2416 Corpore
873 2364 915 2399 et
941 2356 1159 2414 Sanguine
1183 2357 1356 2401 Domini
1371 2358 1516 2404 Salva-

121 2429 227 2474 toris
247 2428 382 2473 vitam
401 2443 445 2472 se
465 2426 682 2488 possidere
704 2443 794 2472 non
809 2426 1028 2472 dubitent.
1050 2426 1211 2472 Audite
1229 2445 1348 2488 ergo,
1371 2429 1515 2475 Dilec-

124 2500 296 2555 tissimi‚
334 2499 511 2544 auribus
545 2497 875 2554 obedientibus,
916 2514 997 2542 nec
1034 2499 1212 2558 speretis
1247 2516 1513 2562 quemquam

173 2611 221 2655 (a)
237 2611 372 2646 Malae-11.
395 2623 430 2653 x,
453 2623 504 2652 ιο,
530 2621 578 2643 11.
600 2629 642 2633 ——
667 2610 708 2651 (1ιῖ
738 2610 818 2642 ibid.

176 2688 184 2703 ¹
205 2680 282 2713 vide
300 2682 440 2712 Enarrat.
460 2678 490 2710 in
510 2678 586 2710 l‘sal.
609 2689 677 2719 cvi,
698 2690 727 2709 u.
756 2678 802 2709 13.

1242 2734 1303 2770 13.
