1803 3276
677 237 906 263 rnffimno.
1440 226 1487 264 11

103 310 252 356 curat,
297 302 377 346 nisi
410 301 466 345 ad
495 299 718 360 publicam
749 300 982 345 utilitatem
1012 300 1106 346 illas
1129 302 1325 347 omnium
1358 299 1494 347 oculis

101 370 244 417 valeat
264 382 495 417 ostentare,
529 372 610 416 Hic
633 371 760 416 nobis
788 371 1032 416 conversari
1057 372 1213 416 datum
1238 386 1337 416 cum
1361 370 1493 417 docto

100 441 178 487 illo
212 443 565 490 Montis-cassini
594 442 850 499 archivista‚
882 442 1220 488 ecclesiasticam
1250 441 1493 487 doctrinam

99 514 401 575 quaerentibus
429 529 521 559 non
552 528 709 575 parum
736 511 1106 569 commendabili,
1135 527 1239 557 cum
1269 516 1395 557 Patre
1420 511 1496 557 illo

99 585 391 646 Frangipane,
420 584 573 630 decem
597 586 640 630 S.
658 583 893 643 Augustini
917 598 1059 644 usque
1080 583 1227 628 adhuc
1245 582 1497 642 ignotorum

99 669 351 700 sermonum
373 655 541 701 editore
560 657 592 712 ¹,
618 655 696 716 qui
729 671 754 700 a
775 655 1066 716 quadraginta
1087 663 1132 699 et
1165 653 1352 715 amplius
1372 653 1498 698 annis

98 723 275 772 lectioni
287 735 332 771 et
346 725 625 772 meditationi
637 725 1034 771 vetustissimorum
1050 724 1255 770 codicum
1277 723 1494 779 addictus,

98 795 317 858 quidquid
345 812 371 842 a
401 796 643 858 majoribus
678 806 909 858 acceptum
927 832 939 854 ,
976 795 1197 858 quidquid
1220 811 1245 841 a
1266 795 1497 856 semetipso

98 867 245 914 studio
254 868 414 913 habuit
425 877 731 929 comparatum
739 905 749 925 ,
762 868 992 914 nobiscum
1006 867 1345 923 communicare,
1360 864 1497 912 excel-

97 936 362 985 lentissimus
383 940 601 999 magister,
627 954 720 984 non
742 939 978 985 dubitavit.
1004 938 1114 984 Inde
1130 938 1165 984 si
1180 937 1291 1000 quid
1307 938 1494 994 bonum,

97 1010 133 1055 si
154 1009 263 1071 quid
283 1012 468 1072 sapiens,
489 1011 523 1056 si
544 1010 652 1072 quid
669 1010 870 1068 doctum,
894 1010 942 1055 in
958 1011 1041 1056 hac
1054 1019 1203 1056 nostra
1219 1008 1494 1064 collectione,

97 1081 340 1142 reperiatur
356 1091 501 1127 totum
520 1081 633 1127 illud
649 1098 740 1128 non
756 1081 899 1128 labori
915 1091 1082 1139 nostro,
1106 1080 1184 1128 sed
1199 1082 1292 1143 ejus
1307 1079 1498 1127 consiliis

97 1152 244 1213 potius
259 1151 542 1198 referendum
563 1152 755 1198 libenter
776 1152 1064 1199 declaramus.

156 1225 211 1268 V.
238 1227 341 1269 Post
368 1222 542 1270 celebre
568 1223 684 1270 illud.
701 1224 1060 1270 Montis-Cassini
1084 1222 1327 1269 archivium
1343 1257 1355 1279 ‚
1380 1221 1498 1269 cele-

96 1292 222 1339 brem
242 1295 404 1355 pariter
423 1295 674 1356 pariterque
696 1294 875 1341 divitem
894 1292 1499 1340 Laurentianam-Mediceam

96 1363 334 1410 Florentiae
362 1364 678 1412 bibliothecam
693 1400 704 1421 ,
744 1374 967 1411 annuente
1004 1380 1209 1426 supremo
1242 1363 1426 1409 civitatis
1457 1372 1501 1408 et

95 1436 220 1496 regni
241 1439 386 1492 Duce,
411 1434 589 1481 favente
613 1445 762 1481 autem
793 1435 1086 1481 illustrissimo
1114 1433 1310 1496 ejusdem
1338 1433 1501 1479 biblio-

96 1506 239 1552 thecae
258 1517 427 1553 rectore
459 1510 550 1553 DD.
586 1505 785 1552 Delfuria
801 1541 814 1563 ‚
839 1507 1026 1553 invisere
1047 1515 1093 1552 et
1115 1504 1342 1567 explorare
1370 1504 1499 1552 nobis

95 1593 351 1624 concessum
368 1587 457 1638 est3
482 1579 609 1640 cujus
637 1575 821 1639 quidem
843 1577 1021 1634 laboris,
1040 1578 1133 1639 jam
1156 1576 1212 1622 ab
1239 1576 1364 1622 annis
1385 1593 1499 1638 qua-

96 1657 200 1694 tuor
219 1649 421 1710 incoepti,
441 1648 643 1694 nondum
658 1648 834 1710 penitus
852 1647 1161 1704 consummati,
1196 1646 1275 1693 sed
1291 1663 1499 1692 consum-

95 1719 249 1765 mandi
270 1719 485 1777 celeriter,
509 1719 635 1783 quasi
651 1718 1040 1780 praelibamentum
1060 1717 1194 1763 hodie
1215 1716 1494 1779 proferimus.

155 1792 236 1837 VI.
259 1794 360 1838 Non
385 1790 763 1853 praetermittenda
783 1790 964 1852 insuper
989 1787 1351 1836 Excellentissimi
1369 1789 1498 1834 Prin-

96 1861 202 1924 cipis
243 1862 374 1922 Ghigi
417 1865 572 1908 Romae
605 1860 874 1907 bibliotheca
889 1896 903 1917 ‚
947 1875 1122 1906 necnon
1165 1869 1210 1904 et
1253 1859 1496 1906 archivium

94 1943 256 1980 sanctae
269 1935 421 1981 Crucis
443 1934 490 1979 in
507 1937 532 1979 J
537 1932 791 1992 erosolymis
802 1934 836 1989 ²,
861 1933 981 1978 unde
1002 1931 1151 1993 plures
1166 1931 1358 1977 eruimus
1379 1931 1496 1977 beati

142 2059 151 2076 ¹
168 2053 359 2088 Habendum
375 2059 424 2087 est
441 2054 517 2087 illud
535 2058 567 2087 ὃ.
583 2054 749 2097 Augustini
772 2054 1030 2098 supplementum
1047 2054 1087 2087 ad
1103 2053 1326 2097 complendam
1340 2054 1409 2096 ejus
1425 2053 1494 2087 edi·

93 2108 227 2143 tionem.
244 2112 447 2155 Stampatum
472 2117 520 2144 est
546 2114 653 2144 Romae
670 2122 720 2143 an.
750 2111 835 2155 1819
848 2137 856 2153 ‚
878 2111 995 2144 edente
1016 2110 1155 2143 Octavio
1172 2109 1492 2153 Fraja-Frangipane.

93 2165 248 2200 Addenda
275 2167 373 2201 etiam
397 2169 538 2212 Dionysii
558 2167 656 2200 editio
682 2167 953 2211 viginti-quatuor
976 2167 1121 2209 ejusdem
1148 2166 1293 2199 Doctoris
1314 2177 1495 2199 sermonum

92 2222 222 2255 Viennae
236 2223 318 2266 typis
327 2224 550 2257 mandatorum
564 2234 647 2256 anno
663 2232 759 2266 1792·
771 2226 835 2256 llos
850 2234 1013 2257 sermones
1026 2222 1100 2256 huic
1116 2227 1231 2256 nostrae
1244 2222 1376 2256 editioni
1386 2223 1437 2265 adj
1443 2233 1496 2256 un-

94 2288 170 2320 gere
184 2278 379 2312 curabimus.

141 2334 364 2369 2‘Bibliotheca
381 2335 577 2378 Sessoriana,
598 2336 667 2368 sive
684 2336 953 2369 Sanctae-Crucis
971 2336 1002 2368 in
1016 2335 1224 2378 sei—osolymis
1239 2334 1337 2368 multa
1354 2335 1497 2379 possidet

95 2390 199 2424 adhuc
214 2392 334 2424 inedita
347 2417 356 2433 ‚
372 2403 441 2435 quae
458 2392 655 2425 reverendus
678 2391 770 2433 hujus
790 2392 975 2424 monasterii
994 2391 1165 2424 archivista
1179 2418 1187 2434 ‚
1208 2396 1272 2426 DD.
1290 2392 1438 2425 Leander
1455 2393 1496 2424 de

95 2448 233 2481 Con-ieri
258 2449 291 2480 in
312 2448 478 2491 publicum
497 2449 647 2481 emittere
664 2449 789 2490 jamdiu
808 2449 866 2481 sibi
890 2449 1112 2492 proponebat,
1140 2450 1267 2492 quando
1286 2453 1392 2482 morte
1409 2460 1494 2491 prze-

94 2508 211 2537 ventus
220 2508 279 2537 est.
294 2505 430 2548 Stampis
437 2505 507 2547 jam
520 2510 732 2548 supposuerat
750 2509 815 2537 tres
828 2506 931 2538 sancti
943 2505 1103 2538 Ambrosii
1113 2515 1288 2538 sermones.
1300 2507 1495 2538 Caeterorum

95 2561 385 2605 promulgationem
402 2572 466 2595 non
481 2566 616 2606 possunt
631 2572 695 2595 non
713 2561 923 2596 vehementer
940 2566 1098 2606 exoptare
1113 2562 1202 2596 docti
1219 2573 1329 2596 omnes
1338 2561 1490 2597 Ecclesiae

96 2616 214 2654 alumni
225 2643 235 2662 ,
253 2622 289 2654 et
306 2619 427 2654 utinam
445 2619 496 2655 illa
513 2618 605 2654 nobis
627 2620 724 2654 etiam
741 2619 922 2654 rescribere
941 2619 1076 2654 liceret!
