1803 3276
356 257 438 296 236
803 272 835 298 s.
873 268 1102 298 Aramum
1135 268 1317 298 Emscom

904 412 1191 460 SYNOPSIS.

406 552 436 587 1.
458 550 663 587 Exordium
682 551 727 586 dc
747 551 867 595 gratia
886 552 980 587 sesti.
1009 552 1061 587 11.
1081 550 1282 596 Discipuli.
1313 550 1428 586 sancti
1447 549 1607 597 Spiritus
1625 549 1745 596 gratia

357 611 465 646 vlu-ii.
488 611 566 647 ΙΙΙ.
594 611 762 656 Apostoli
783 611 902 646 tribus
923 611 1054 648 Pueris
1071 611 1107 645 iu
1126 610 1277 646 fornace
1296 610 1516 657 comparati.

416 738 450 779 Ι.
478 737 617 778 Fizmx
641 742 704 777 cst
718 732 808 778 dies
823 732 1051 789 hodierna,
1067 736 1242 779 Fratres
1258 733 1498 779 charissimi
1516 753 1527 792 3
1548 731 1748 778 amabilis

355 816 419 850 est
447 816 490 850 et
521 815 640 865 grata
667 807 696 860 ¹,
732 806 777 849 in
810 822 896 867 qua
921 822 942 851 a
966 806 1152 852 Domino
1181 806 1413 867 Discipulis
1439 815 1542 851 sunt
1570 804 1752 866 impleta

355 878 579 939 promissa.
609 881 732 937 Rogo
751 893 853 937 ergo
871 894 946 923 vos
959 879 1004 922 in
1024 894 1186 934 unum,
1203 878 1470 924 dilectissimi
1488 881 1677 932 Fratres,
1702 885 1754 921 ut

358 951 464 993 1111111
493 949 659 994 orando
692 950 954 1010 impendatis
964 950 1229 1012 adjutorium
1244 949 1299 994 ad
1315 949 1462 994 divina
1476 948 1749 1010 explicanda,

356 1038 455 1082 qufe
480 1022 677 1077 intendo,
704 1031 747 1066 et
766 1022 938 1066 veniam
961 1031 1080 1083 peto,
1106 1022 1140 1066 si
1163 1021 1327 1066 alicubi
1347 1020 1542 1067 offendo.

418 1096 475 1137 11.
512 1092 769 1138 Solemnitas
793 1094 908 1138 enim
931 1095 1107 1139 Paschae
1125 1094 1324 1155 pervenit
1350 1109 1489 1155 usquc
1514 1091 1573 1138 ad.
1598 1093 1748 1148 finem,

358 1180 445 1208 non
470 1164 657 1224 perdens
689 1166 1037 1225 jucunditatem,
1078 1167 1155 1211 sed
1187 1181 1435 1226 praeparans
1469 1164 1751 1224 dignitatem:

359 1244 407 1279 ut
432 1235 549 1279 enim
570 1234 655 1280 fuit
674 1235 847 1280 initium
866 1237 1015 1296 gratim
1030 1272 1040 1293 ,
1055 1237 1114 1281 sic
1131 1237 1262 1281 hodie
1279 1237 1402 1281 finita
1417 1245 1481 1281 est
1501 1235 1596 1280 laus
1614 1235 1756 1280 canti-

358 1322 526 1352 corum.
554 1310 606 1351 In
628 1323 716 1352 una
741 1308 857 1351 enim
882 1308 1014 1353 domo
1034 1307 1206 1353 collecti
1229 1318 1352 1353 erant
1376 1307 1574 1369 Apostoli
1588 1306 1723 1352 nostri
1739 1341 1754 1363 ,

357 1388 638 1440 expectantes
674 1379 915 1424 adventum
952 1381 1135 1441 Spiritus
1157 1380 1322 1437 sancti,
1348 1390 1392 1425 et
1414 1395 1513 1425 ecce
1535 1378 1684 1424 subito
1707 1378 1757 1424 sit

357 1451 572 1495 ctelorum
597 1468 749 1507 sonus,
782 1462 825 1497 et
847 1469 870 1497 a
888 1452 1119 1513 Discipulis
1148 1456 1171 1497 J
1178 1453 1406 1498 udaeorum
1434 1451 1602 1498 tollitur
1625 1466 1752 1496 onus.

357 1524 470 1568 Cum
494 1522 659 1579 multis,
683 1524 842 1585 inquit,
867 1524 1008 1569 verbis
1030 1523 1169 1570 locuti
1187 1534 1330 1570 essent
1344 1523 1578 1584 Discipuli,
1605 1520 1758 1567 crede-

358 1596 520 1640 bantur
541 1596 665 1652 ebrii,
692 1597 768 1658 qui
791 1596 1057 1642 videbantur
1081 1612 1209 1641 mane
1230 1597 1385 1658 jejuni.
1417 1599 1506 1642 Nec
1530 1596 1758 1640 immerito

361 1666 455 1711 talis
493 1668 547 1711 dc
582 1668 696 1712 coelo
734 1667 879 1727 lapsus
918 1678 981 1712 051
1025 1678 1208 1727 gustus,
1245 1669 1348 1730 quia
1381 1668 1480 1713 vitis
1517 1666 1660 1712 dictus
1693 1675 1760 1712 cst

359 1739 572 1783 Christus.
603 1739 670 1783 Sic
697 1740 811 1783 0111111
846 1741 931 1784 ait:
979 1759 999 1781 «
1024 1743 1119 1799 Ego
1139 1756 1235 1784 sum
1256 1740 1354 1785 vitis
1371 1775 1382 1795 ,
1408 1749 1451 1785 et
1475 1743 1602 1784 Pater
1634 1753 1758 1783 meus

363 1830 381 1851 «
397 1810 583 1867 agricola
595 1812 679 1868 (a).
693 1832 708 1852 »
723 1813 759 1855 O
776 1811 926 1855 vinum
940 1811 1149 1856 ebrietate
1167 1811 1378 1867 sobrium,
1397 1810 1517 1872 quod
1531 1809 1754 1871 crapulam

359 1882 460 1925 fidei
483 1883 734 1927 eructabat!
771 1885 807 1927 Ο
833 1884 986 1928 vinum
1011 1900 1062 1928 ex
1095 1885 1182 1929 vite
1202 1884 1385 1929 solemni
1417 1884 1655 1939 calcatum,
1682 1881 1757 1927 sed

359 1953 413 1997 de
444 1953 663 2012 botryone
689 1954 837 1999 divino
858 1955 1111 2000 confectum
1129 1956 1137 1999 1
1155 1955 1290 2015 Digna
1313 1953 1574 2000 similitudo!
1600 1970 1757 2016 quem-

359 2025 600 2070 admodum
625 2026 785 2086 botryo
819 2028 892 2072 ille
920 2030 1181 2089 portabatur
1214 2045 1238 2073 a
1265 2029 1412 2089 stipite
1429 2064 1439 2084 ,
1474 2028 1533 2074 ita
1559 2029 1757 2074 Christus

358 2098 580 2158 pendebat
608 2100 653 2143 in
676 2116 820 2145 eruce.
852 2105 990 2146 Erant
1012 2102 1129 2146 enim
1153 2102 1389 2162 Discipuli,
1411 2102 1547 2146 sancti
1573 2101 1758 2161 Spiritus

358 2170 498 2230 pleni3
522 2171 704 2230 Spiritus
729 2173 845 2216 0111111
870 2182 1068 2229 sanctus,
1086 2174 1162 2234 qui
1184 2173 1322 2234 ipsam
1333 2172 1556 2231 Virginem
1572 2172 1756 2218 Mariam

361 2242 686 2301 gravidaverat,
719 2244 794 2289 sed
823 2261 911 2289 non
939 2244 1198 2301 violaverat,
1231 2245 1341 2305 ignis
1371 2260 1502 2305 super
1524 2243 1756 2305 Apostolos

359 2313 660 2372 descenderat,
686 2316 762 2361 sed
786 2333 864 2362 nec
886 2317 1065 2378 capillos
1089 2333 1242 2362 eorum
1260 2316 1533 2363 incenderat.

421 2390 500 2429 111.
515 2387 646 2442 Quod
660 2388 895 2449 aliquando
915 2390 960 2433 in
974 2389 1113 2434 tribus
1131 2391 1281 2434 Pueris
1296 2388 1474 2445 fecerat,
1492 2389 1752 2435 nunchodie

359 2459 556 2504 Christus
588 2459 772 2519 amplius
806 2460 852 2504 in
883 2459 1117 2506 duodecim
1140 2460 1245 2506 fecit
1277 2460 1512 2522 Apostolis.
1537 2459 1605 2506 Illi
1633 2461 1750 2507 enim

407 2581 451 2621 (αξ
471 2583 563 2612 Joan.
584 2592 644 2623 xv,
675 2592 702 2613 1.

409 2655 416 2669 ¹
435 2648 512 2680 Yiale
533 2652 631 2680 serm.
660 2660 784 2687 cctxxi,
803 2660 834 2682 n.
860 2661 889 2691 1,
909 2653 941 2682 ct
959 2661 1145 2693 ccctxxvut,
1174 2662 1204 2684 n.
1230 2661 1258 2684 1.
