1803 3276
287 228 342 265 68
723 232 758 259 s.
794 227 1025 260 Auocs‘nm
1057 230 1238 260 Emscom

289 321 310 344 »
337 310 453 354 tuus,
471 299 714 342 Deusunus
726 307 804 342 est.
828 297 1043 343 Mediator
1056 296 1340 342 autemunius
1350 309 1445 341 non
1457 304 1536 351 est,
1557 297 1673 341 Deus

286 392 307 414 »
337 380 483 416 autem
505 385 619 414 unus
642 371 802 427 est(a).
831 387 852 410 ³>
878 368 1009 423 Quod
1028 367 1305 413 individuum
1328 375 1392 411 est
1419 366 1464 411 in
1484 366 1673 412 nominis

281 445 450 489 unitate
466 478 478 499 ,
504 458 593 488 non
615 441 875 486 discernitur
905 441 950 485 in
972 449 1141 485 naturae
1162 438 1423 501 aequalitate.
1450 441 1516 483 Ex
1547 442 1674 483 Patre

281 516 443 573 filius,
469 531 491 559 a
516 518 642 558 Patre
667 513 878 573 Spiritus3
913 513 957 556 in
994 515 1120 557 Patre
1144 511 1279 556 Filius
1316 519 1359 556 et·
1392 510 1603 571 Spiritus,
1628 510 1674 554 in

279 588 393 634 Filio
407 597 449 632 et
465 587 647 646 Spiritus
665 595 709 630 et
734 589 883 642 Pater,
904 594 1021 629 totus
1041 588 1153 629 Deus
1173 599 1286 628 unus
1300 618 1310 638 ,
1332 586 1460 628 Pater
1477 592 1520 628 et
1537 582 1674 627 Filius

279 669 324 703 ct
349 659 532 718 Spiritus
553 666 741 701 sanetus.
779 655 907 701 Nulla
936 665 998 700 est
1020 656 1064 699 in
1084 655 1252 699 unitate
1284 653 1462 710 divisio,
1487 669 1569 699 nee
1601 653 1676 698 ad-

279 731 470 775 mittitur
495 730 537 772 in
553 729 761 771 't'rinitate
784 727 986 772 diseretio
1004 730 1032 782 ¹,
1059 742 1138 771 nee
1152 735 1216 770 est
1233 726 1278 770 in
1301 726 1386 771 alio
1400 725 1615 785 (inferior)
1632 734 1677 770 et

278 803 324 845 in
342 801 477 845 altero
496 800 654 860 potior,
680 799 756 843 sed
778 798 985 859 perfecta,
1003 807 1045 842 et
1065 814 1168 854 una,
1189 807 1234 843 et
1254 798 1422 858 integra
1438 798 1482 842 in
1495 796 1676 858 singulis

275 872 522 934 plenitudo.
552 876 665 917 Ecce
682 873 900 933 pergimus
921 871 1000 917 tria
1020 871 1243 931 milliaria,
1269 887 1359 918 non
1373 880 1437 917 est
1451 870 1566 916 ultra
1584 886 1676 932 quo

274 955 429 1006 pergat
453 945 641 1003 angaria.

340 1021 416 1063 IV.
438 1017 708 1078 Adjieiamus
733 1027 877 1062 tamen
903 1016 1069 1079 aliquid
1091 1018 1147 1062 de
1171 1014 1504 1078 comparationis
1532 1030 1678 1061 exem—

276 1089 352 1150 plo
375 1090 420 1133 in
444 1089 723 1150 praejudicata
755 1089 868 1144 side,
902 1099 951 1135 ut
983 1089 1141 1135 divinis
1174 1089 1331 1135 frivola
1354 1103 1673 1149 comparemus.

275 1162 323 1208 ,Si
358 1162 455 1221 quis
479 1160 595 1205 enim
623 1160 797 1205 dubitat
818 1160 1035 1221 pluralem
1066 1176 1301 1206 numerum
1323 1162 1368 1206 in
1385 1160 1554 1206 Deitate
1586 1174 1678 1204 non

276 1233 434 1277 cadere
449 1268 460 1288 ,
482 1247 639 1277 aurum
673 1232 781 1277 mihi
800 1232 990 1278 declinet
1007 1233 1054 1276 in
1075 1249 1285 1290 numero,
1312 1234 1434 1295 quod
1455 1231 1679 1293 pluralita-

277 1314 368 1349 tem
391 1303 566 1364 penitus
586 1319 678 1348 non
711 1303 904 1348 admittit
927 1304 973 1347 in
995 1305 1191 1361 nomine,
1221 1321 1323 1351 cum
1352 1305 1491 1351 varias
1514 1302 1679 1350 divida-

274 1385 350 1420 tur
371 1377 416 1420 in
438 1376 601 1436 speeies
617 1412 628 1432 ,
649 1391 750 1437 quae
767 1375 984 1421 voeabula
1006 1375 1176 1422 diversa
1206 1377 1476 1437 significent3
1500 1384 1551 1420 ut
1572 1384 1680 1435 puta

273 1447 492 1504 annulus,
516 1457 695 1509 torques
716 1483 726 1504 ,
748 1446 995 1504 brachiale,
1021 1457 1065 1493 et
1091 1435 1247 1493 caetera
1272 1464 1483 1510 quaeyuna
1505 1455 1680 1492 tantum

273 1519 524 1565 formantur
545 1535 598 1564 ex
621 1534 761 1564 massa
782 1519 873 1563 auri
892 1540 903 1578 3
923 1528 1072 1564 tamen
1096 1529 1301 1565 naturam
1334 1534 1425 1564 non
1447 1518 1608 1564 amittit
1634 1517 1680 1578 in

275 1592 455 1637 nomine
469 1627 480 1647 ,
503 1591 716 1651 quianon
737 1601 935 1637 mutatur
956 1592 1002 1636 in
1025 1607 1196 1650 genere.
1223 1595 1282 1637 Et
1310 1590 1500 1636 annulus
1523 1605 1680 1636 aurum

275 1672 366 1718 est,
384 1669 437 1706 “et
462 1671 640 1723 torques
663 1676 820 1706 aurum
851 1669 941 1717 est,
967 1671 1011 1706 et
1033 1661 1258 1708 brachiale
1291 1678 1450 1707 aurum
1477 1671 1557 1707 est.
1577 1663 1680 1706 Tres

275 1748 393 1794 pone
431 1749 591 1778 massas
634 1731 728 1777 auri
746 1753 757 1791 3
793 1747 943 1777 omnes
976 1747 1129 1778 massae
1165 1749 1345 1790 aurum,
1370 1734 1456 1778 hoc
1494 1748 1676 1789 aurum,

275 1821 418 1850 unum
449 1819 631 1860 aurum,
658 1813 802 1848 totum
836 1819 1019 1862 aurum,
1045 1813 1122 1848 aut
1154 1802 1328 1849 declina
1360 1803 1611 1865 pluraliter,
1646 1803 1682 1849 si

275 1887 416 1938 potes.
438 1879 610 1923 Aurum
631 1875 742 1921 nihil
761 1876 897 1921 habet
913 1876 959 1920 in
978 1868 1146 1935 generis
1172 1876 1467 1938 appellatione
1489 1876 1684 1923 vocabu-

274 1947 397 2008 lum,
422 1958 466 1994 et
488 1947 610 2010 quod
641 1964 732 1993 non
753 1947 942 1993 debetur
970 1949 1014 1992 in
1037 1947 1241 2005 nomine,
1267 1965 1359 1995 non
1381 1959 1607 2010 separatur
1634 1948 1681 1993 in

276 2037 437 2082 genere
450 2057 461 2078 ,
483 2021 587 2067 lieet
604 2020 723 2066 aliud
740 2019 942 2065 audiatur
960 2020 1005 2064 in
1023 2020 1180 2081 speeie.
1207 2024 1273 2066 Ita
1285 2037 1389 2082 ergo
1407 2031 1454 2066 et
1474 2021 1519 2066 in
1538 2020 1682 2066 Trini-

275 2102 367 2138 tate
390 2092 704 2155 quodcumque
726 2091 884 2137 dixeris
911 2095 1027 2136 Deus
1048 2101 1125 2137 est.
1154 2095 1328 2137 Patrem
1354 2091 1511 2137 dixeris
1528 2128 1538 2148 ,
1565 2081 1681 2137 Deus

278 2175 366 2222 est,
391 2165 554 2210 Filium
574 2165 730 2210 dixeris
747 2199 758 2221 ,
785 2167 900 2210 Deus
918 2173 1008 2223 est,
1031 2164 1239 2225 Spiritum
1267 2174 1469 2209 sanetum
1498 2163 1676 2220 dixeris,

277 2232 396 2282 Deus
422 2246 500 2282 est.
525 2240 640 2282 Deus
659 2246 806 2282 autem
822 2252 936 2281 unus
959 2245 1037 2281 est.
1064 2239 1164 2282 Non
1193 2235 1386 2281 admittit
1411 2252 1514 2296 ergo
1534 2236 1680 2281 Deitas

276 2325 528 2366 numerum,
554 2310 657 2371 quia
669 2308 778 2354 nihil
790 2309 925 2354 habet
937 2309 1121 2354 Trinitas
1139 2310 1185 2353 in
1202 2318 1359 2354 natura
1369 2308 1606 2354 diversum.v
1623 2310 1681 2366 Et

277 2381 392 2427 sicut
406 2397 495 2427 non
509 2380 701 2426 admittit
716 2397 965 2438 numerum,
982 2381 1042 2426 ita
1059 2397 1149 2427 non
1165 2382 1318 2442 recipit
1339 2381 1676 2428 incrementum.

326 2491 371 2534 (a)
391 2494 482 2525 Rom.
500 2504 555 2534 111,
576 2492 637 2534 303
663 2505 673 2525 1
694 2495 764 2526 Cor.
789 2504 868 2535 vni,
889 2492 927 2536 43
954 2493 1056 2526 Galat.
1075 2491 1130 2535 ni,
1157 2503 1220 2534 203
1241 2503 1253 2525 1
1273 2492 1354 2526 Tim.
1372 2503 1416 2535 ιι,
1439 2491 1478 2534 5,
1499 2495 1565 2525 etc.

329 2567 338 2583 ¹
354 2560 461 2594 Codex·
483 2559 656 2598 disset-112»,
674 2562 765 2603 eujus
783 2573 891 2596 sensus
906 2572 968 2596 non
983 2565 1138 2605 apparet,
1157 2565 1191 2596 ct
1204 2573 1294 2596 error
1309 2572 1347 2596 ex
1365 2560 1465 2595 *verbo
1480 2558 1675 2604 prat-cedenti

284 2616 445 2651 discretio
466 2617 560 2652 sat-ite
579 2617 762 2661 intelligitur
