1803 3276
306 269 383 306 174
741 278 776 305 s.
813 281 1044 308 norsum
1076 278 1259 308 muscum

302 353 529 405 peccatum
561 345 615 389 de
635 343 776 389 Adam
797 345 996 390 Christus
1017 361 1106 390 non
1133 343 1302 389 habuit.
1336 343 1470 388 Venit
1497 345 1696 390 Christus

299 416 391 461 sine
411 424 613 476 peccato,
640 425 690 460 ut
719 426 945 476 peccatum
968 415 1075 461 Adae
1105 416 1291 461 solveret
1318 414 1365 460 in
1385 430 1567 476 corpore
1590 431 1692 471 suo,

299 498 343 533 et
360 498 409 533 ut
427 488 744 547 redintegraret
757 504 857 533 eum
870 488 1068 534 Christus
1082 487 1136 533 ad
1150 488 1381 547 imaginem
1396 496 1440 532 et
1453 486 1698 532 similitudi-

298 578 399 607 nem
423 578 544 607 suam
560 597 571 617 ‚
597 562 708 606 sieut
736 578 837 606 eum
857 572 957 606 ante
979 561 1257 608 formaverat.
1281 564 1400 621 Ergo
1413 577 1514 607 caro
1535 561 1697 607 Christi

295 632 352 678 de
369 634 526 688 Adam,
544 632 758 693 templum
776 633 897 694 quod
912 633 1223 678 destruxerunt
1242 635 1265 678 J
1272 631 1403 688 udaei‚
1425 641 1470 677 et
1486 632 1697 678 Dominus

295 704 340 750 in
359 705 504 750 triduo
522 704 744 750 suscitavit
770 705 897 750 illud.
930 706 1219 751 Resuscitavit
1242 706 1359 750 enim
1387 705 1585 751 Christus
1603 721 1698 750 car-

295 791 395 819 nem
431 791 570 832 suam,
595 785 646 821 ut
663 775 786 821 fortis
803 811 814 832 ‚
840 786 890 822 ut
907 787 1083 838 potens,
1103 786 1154 822 ut
1170 782 1302 833 Deus,
1332 786 1384 822 ut
1408 777 1526 823 Patri
1548 792 1699 837 aequa·

293 845 358 890 lis.
383 846 618 899 Quomodo
640 863 742 906 orgo
770 847 877 893 dicit
894 847 1155 909 Apostolus:
1189 868 1210 891 «
1235 848 1323 903 Qui
1345 863 1448 892 eum
1474 847 1699 893 suscitavit

293 935 313 958 »
348 933 373 961 a
396 918 580 962 mortuis
598 922 678 974 (a).
709 937 729 960 u
751 924 808 963 Dc
831 935 920 980 quo
938 918 1071 964 dicit?
1095 918 1151 964 de
1176 923 1319 965 Patre.
1348 920 1417 965 Sic
1446 919 1564 963 enim
1590 916 1699 964 dicit

293 989 528 1049 Apostolus
550 989 604 1034 de
625 990 799 1036 Christo
825 1010 834 1037 ε
868 1010 889 1034 ‹<
915 993 1075 1036 Factus
1102 991 1314 1036 obediens
1341 1005 1482 1052 nsque
1507 989 1563 1034 ad
1579 1005 1698 1035 mor-

295 1076 315 1100 »
352 1069 457 1116 tem,
484 1070 672 1106 mortem
697 1071 844 1107 autem
867 1062 1030 1119 crucis,
1055 1071 1235 1123 propter
1257 1061 1396 1125 quod,
1419 1070 1465 1106 et
1484 1067 1595 1106 Deus
1618 1076 1698 1105 ex-

294 1148 315 1172 »
349 1132 500 1177 citavit
523 1148 624 1178 eum
643 1149 666 1178 a
686 1134 892 1191 mortuis,
913 1144 957 1180 et
974 1134 1096 1180 dedit
1119 1135 1158 1179 ei
1180 1150 1343 1180 nomen
1357 1170 1368 1191 ,
1395 1133 1519 1195 quod
1537 1141 1603 1177 est
1624 1149 1699 1178 su-

293 1219 314 1243 »
349 1219 427 1263 per
448 1220 578 1249 omne
594 1219 758 1250 nomen
782 1204 861 1263 (b).
885 1224 906 1248 >›
933 1208 1051 1267 Ergo
1069 1206 1337 1252 resuscitabo
1360 1221 1491 1264 eum3
1515 1203 1699 1250 resusci-

290 1273 401 1319 tabit
443 1276 540 1336 quis
555 1278 573 1320 Ξ)
610 1279 762 1333 Pater,
804 1277 877 1322 cui
898 1277 1006 1323 dicit
1044 1278 1137 1339 ipse
1174 1278 1373 1325 Christus
1403 1277 1450 1322 in
1486 1275 1659 1323 Psalmo
1684 1295 1695 1323 ε

289 1363 319 1388 ⁷>-
349 1347 575 1393 Resuscita
603 1363 697 1405 me,
733 1356 778 1394 et
805 1346 988 1394 reddam
1018 1347 1102 1394 illis
1129 1352 1203 1406 (e).
1232 1366 1254 1392 >›
1290 1351 1409 1410 Ergo
1436 1352 1563 1394 Pater
1595 1363 1699 1394 eum

289 1420 583 1478 resuscitavit,
613 1436 706 1466 non
727 1421 817 1483 ipse
839 1437 898 1467 se.
925 1424 1025 1468 Non
1045 1421 1295 1467 infirmetur
1315 1421 1362 1467 in
1383 1422 1470 1467 hoc
1496 1420 1697 1466 intellec-

286 1501 358 1538 tus
381 1492 594 1549 fidelium⁷
622 1497 810 1539 Fratres.
830 1493 949 1548 Quid
966 1503 1114 1539 autem
1136 1493 1242 1539 facit
1265 1497 1392 1539 Pater
1413 1493 1504 1539 sine
1523 1493 1693 1550 Verbo,

286 1563 357 1611 vel
368 1564 475 1626 quid
491 1563 594 1611 facit
612 1565 704 1610 sine
715 1566 852 1611 Unico
867 1567 974 1610 suo?
985 1584 1006 1608 «
1019 1566 1177 1610 Omnia
1189 1580 1270 1626 per
1284 1565 1430 1626 ipsum
1443 1563 1558 1610 iacta
1573 1573 1693 1620 sunt,

293 1656 310 1677 »
329 1645 372 1680 et
380 1636 471 1681 sine
479 1637 572 1697 ipso
581 1635 746 1681 factum
758 1645 821 1682 est
828 1635 937 1681 nihil
944 1635 1032 1696 (d).
1043 1636 1186 1682 »Audi
1199 1636 1303 1698 quia
1314 1646 1358 1681 et
1367 1637 1458 1697 ipse
1466 1641 1576 1681 Deus
1585 1644 1692 1691 erat,

286 1706 344 1752 de
364 1723 454 1768 quo
469 1707 576 1752 dicit
592 1706 829 1769 Apostolus
847 1726 856 1752 :
879 1725 901 1750 «
917 1711 1034 1752 Deus
1050 1708 1276 1754 suscitavit
1291 1723 1394 1754 eum
1412 1724 1436 1753 a
1449 1706 1649 1753 mortuis.
1669 1723 1692 1750 »

287 1777 405 1824 Audi
426 1779 529 1839 quia
543 1814 555 1834 ‚
574 1787 621 1824 et
641 1779 732 1840 ipse
759 1795 806 1825 se
829 1779 974 1839 ipsum
995 1780 1283 1826 resuscitavit.
1303 1779 1437 1827 Audi.
1462 1779 1584 1824 Dicat
1604 1778 1696 1839 ipse

286 1849 485 1905 Judaeus,
511 1849 629 1895 dicat
650 1849 774 1912 quod
798 1851 996 1910 superius
1025 1850 1195 1896 dictum
1217 1860 1284 1897 est
1305 1869 1315 1897 :
1344 1869 1366 1895 κ
1392 1849 1555 1897 Solvite
1581 1858 1698 1894 tem-

287 1938 311 1962 π
345 1921 470 1981 plum
492 1921 626 1978 istud⁷
649 1931 692 1966 et
708 1922 755 1966 in
774 1923 915 1968 tribus
936 1922 1092 1968 diebus
1112 1942 1133 1966 »
1160 1927 1289 1969 Pater
1309 1922 1540 1968 resuscitat
1561 1920 1692 1967 fflud.

288 1991 377 2038 Sed
399 1991 626 2053 quomodo
655 2008 760 2038 eum
784 1993 966 2039 suscitat
993 1997 1148 2051 Pater,
1177 2003 1222 2040 et
1244 1993 1381 2039 Filius
1401 1992 1604 2049 suscitat,
1633 1991 1695 2038 sic

285 2078 386 2108 cum
411 2063 547 2108 Filius
569 2064 765 2121 suscitat,
791 2074 835 2109 et
862 2068 990 2110 Pater
1011 2065 1206 2111 suscitat.
1232 2065 1345 2120 Quia
1365 2064 1427 2110 sic
1454 2063 1568 2109 dixit
1602 2063 1694 2124 ipse

286 2133 453 2178 Filius:
489 2153 512 2176 «
537 2137 631 2193 Ego
659 2143 703 2179 et
743 2137 872 2180 Pater
900 2151 1042 2180 unum
1068 2151 1220 2181 sumus
1246 2137 1333 2195 (e);
1366 2153 1388 2178 »
1424 2143 1469 2180 et
1497 2135 1690 2180 iterum:

287 2223 310 2247 «
345 2207 649 2268 Quaecumque
673 2207 792 2251 enim
814 2205 919 2254 facit
936 2210 1080 2264 Pater,
1103 2208 1200 2253 haec
1223 2206 1378 2253 eadem
1413 2215 1458 2253 et
1479 2205 1617 2252 Filius
1628 2203 1691 2251 fa-

290 2294 311 2318 »
345 2276 406 2322 cit
422 2277 622 2323 similiter
639 2283 652 2334 (
670 2278 740 2340 f).
770 2296 792 2322 »

346 2350 429 2393 III.
454 2348 572 2403 Quid
589 2349 671 2395 sibi
692 2349 790 2395 vult
810 2364 1020 2395 numerus
1037 2349 1110 2396 ille
1126 2352 1205 2396 XL
1224 2359 1267 2396 et
1290 2352 1352 2397 VI
1374 2364 1614 2404 annorum,
1635 2347 1691 2394 de

281 2434 376 2480 quo
402 2421 426 2464 J
431 2418 547 2464 udaei
566 2419 792 2478 dixerunt,
816 2441 837 2465 «
861 2421 1160 2481 Quadraginta
1184 2431 1229 2468 et
1253 2438 1326 2468 sex
1349 2421 1475 2467 annis
1495 2418 1690 2466 aedifica-

288 2509 311 2532 »
347 2500 443 2537 tum
463 2501 529 2538 est
550 2493 780 2555 templum.
803 2511 824 2537 n
846 2497 1014 2540 Iterum
1034 2494 1127 2555 ipse
1147 2494 1291 2541 Adam
1315 2493 1419 2556 quia
1435 2508 1514 2554 per
1542 2501 1686 2538 totum

333 2601 379 2643 (a)
395 2604 487 2636 Rom.
508 2614 558 2644 iv,
578 2601 639 2645 ’.λίς
660 2615 670 2636 1
693 2606 764 2637 Cor.
785 2616 838 2647 vx,
859 2603 900 2647 14
921 2608 954 2638 ct
974 2604 1173 2647 seqq.·-(b)
1188 2603 1301 2647 Philip.
1322 2613 1363 2646 n,
1380 2603 1421 2647 8,
1442 2614 1474 2647 9.
1489 2602 1587 2645 -(c)
1601 2600 1682 2636 Psal-

288 2659 725 2703 x1.‚11.-(rl)Joan.1‚
751 2662 784 2695 3.
810 2661 1034 2706 --(e)1‹1.-x,
1053 2661 1105 2696 30,
1129 2677 1172 2687 -—
1196 2658 1400 2705 (J)1d.v,
1425 2670 1475 2704 19.
