1803 3276
489 295 627 321 SERMO
660 295 753 321 xxl.
791 296 844 321 DE
877 293 1033 322 PAsan
1067 296 1096 320 ι.
1404 285 1487 324 139

92 362 279 417 ritatem,
291 369 342 406 ut
357 360 625 406 celebrantes
637 358 796 419 legem,
816 359 1109 420 possideamus
1124 359 1170 403 in
1179 360 1382 405 omnibus
1394 377 1492 420 per-

91 441 271 493 petuam
292 430 551 487 claritatem,
567 439 610 475 et
627 430 823 476 dicamus
844 450 853 477 ε
879 451 900 474 ι(
920 431 964 477 Si
980 429 1265 475 ambulavero
1286 430 1332 474 in
1344 431 1490 478 medio

93 521 116 547 υ
150 504 323 549 umbrae
346 503 522 559 mortis,
548 518 641 548 non
665 502 830 548 timebo
852 501 990 559 mala,
1015 501 1226 564 quoniam
1242 510 1294 547 tu
1313 517 1488 548 mecum

92 591 114 618 a»
149 590 210 631 es,
236 575 513 631 Domine(a).
529 591 550 617 »
575 576 681 620 Esto
703 589 807 634 ergo
830 574 1077 629 nobiscum,
1092 573 1293 629 Domine,
1317 583 1368 618 ut
1389 589 1490 619 um-

90 646 190 692 bras
213 661 305 691 non
326 646 556 689 timeamus
577 645 743 701 mortis,
768 654 820 690 ut
849 645 1117 704 gaudeamus
1139 659 1309 704 semper
1338 644 1387 688 in
1407 660 1491 695 no-

88 716 208 762 mine
222 716 443 777 patientiS,
464 717 727 776 resurgentis
749 725 793 762 et
807 706 1080 761 ascendentis
1102 715 1276 761 Domini
1292 714 1491 761 Salvato-

88 788 160 833 ris.
187 790 270 833 Per
290 788 435 848 ipsum
457 788 757 844 ascendamus,
777 797 823 833 et
837 786 893 833 ad
910 787 1149 833 Dominum
1166 795 1488 832 convertamur.

88 860 224 905 Natus
246 867 312 904 est
332 858 548 904 Dominus
564 893 575 915 ,
599 867 644 904 et
660 867 836 904 renatus
853 868 917 904 est
939 856 1131 902 mundus
1149 878 1160 915 3
1184 872 1333 917 passus
1351 867 1429 912 est,
1449 867 1493 903 et

88 930 223 976 homo
244 929 434 976 salvatus
455 940 545 989 est3
570 931 817 986 resurrexit,
838 940 882 975 et
902 930 1069 990 gemuit
1092 929 1313 987 infernus3
1338 944 1491 974 ascen-

88 999 170 1057 dit,
196 1009 240 1046 et
265 1010 474 1061 paternus
494 1000 667 1045 laetatus
689 1011 752 1045 est
772 1002 973 1045 thronus.
990 1002 1104 1046 Cum
1122 1008 1360 1059 pateretur,
1379 1013 1493 1045 mor-

88 1072 155 1117 tui
178 1071 490 1132 resurgebant,
523 1080 567 1116 et
596 1071 684 1117 vivi
718 1070 971 1131 gaudebant
999 1090 1008 1115 ε
1035 1069 1214 1132 quando
1236 1071 1490 1126 resurrexit,

89 1142 249 1203 captivi
267 1141 570 1198 solvebantur,
595 1150 640 1187 et
654 1142 812 1202 Angeli
829 1142 1094 1187 laetabantur
1111 1161 1120 1187 :
1140 1141 1320 1203 quando
1343 1156 1494 1186 ascen-

88 1211 154 1258 dit
184 1212 242 1258 ad
272 1212 435 1269 coelos,
467 1211 604 1259 laetati
626 1222 729 1260 sunt
759 1212 940 1273 Angeli,
971 1213 1128 1258 tristati
1156 1212 1382 1273 Apostoli,
1417 1211 1494 1257 sed

89 1303 113 1327 «
141 1283 330 1330 Tristitia
350 1284 398 1329 in
415 1284 626 1344 gaudium
647 1283 845 1341 versa(b)
870 1302 891 1326 »
910 1284 1099 1330 mutavit
1117 1293 1292 1329 noctem
1319 1285 1490 1329 erroris.

93 1356 163 1403 Sic
184 1356 312 1401 nobis
341 1365 441 1417 post
462 1366 639 1402 noctem
665 1356 855 1413 laboris,
881 1357 1086 1402 successit
1116 1355 1267 1401 laetitia
1296 1355 1406 1400 lucis
1439 1354 1495 1399 de

91 1426 329 1488 splendore
356 1427 533 1474 Domini
553 1427 810 1484 Salvatoris,
830 1427 944 1473 sicut
964 1428 1175 1488 scriptum
1197 1435 1289 1472 est:
1323 1446 1345 1472 «
1375 1429 1496 1473 Con-

94 1516 116 1544 »
151 1499 321 1546 vertisti
341 1499 570 1559 planctum
597 1515 747 1544 meum
775 1500 820 1544 in
838 1500 1048 1559 gaudium
1074 1499 1182 1544 mihi
1194 1503 1266 1557 (c).
1291 1517 1312 1542 »

153 1573 237 1616 III.
276 1571 421 1616 Passio
437 1571 612 1616 Domini
632 1571 782 1617 velum
806 1570 963 1632 templi
980 1570 1223 1627 dividebat,
1240 1569 1372 1616 corda
1387 1570 1496 1616 dura

91 1641 341 1699 scindebat,
367 1643 538 1688 umbrae
557 1651 861 1702 tegumentum
883 1643 1083 1700 tollebat,
1108 1652 1152 1688 et
1173 1653 1341 1688 nostras
1363 1642 1496 1688 facies

91 1713 339 1771 revelabat,
364 1724 417 1760 ut
448 1734 468 1758 «
486 1715 694 1761 Revelata
715 1713 826 1761 facie
867 1714 1049 1774 gloriam
1085 1715 1261 1760 Domini
1294 1713 1496 1775 specule-

95 1803 118 1828 »
151 1801 253 1830 mur
272 1783 354 1842 (d).
378 1803 399 1828 n
425 1785 556 1840 Quod
575 1785 684 1846 legis
714 1787 908 1847 antiquae
925 1787 1111 1845 mystico
1133 1786 1260 1831 nobis
1280 1785 1497 1831 velamine

93 1856 285 1913 velabat,
300 1856 450 1902 velum
459 1855 660 1902 abscidit.
687 1860 814 1903 «Nox
826 1858 1058 1918 praecessit,
1071 1857 1161 1902 dies
1171 1857 1497 1917 appropinqua-

97 1945 118 1969 »
154 1926 217 1973 vit
229 1930 346 1986 (e)3»
371 1928 475 1988 quia
496 1927 576 1972 iste
589 1936 654 1972 est
678 1946 699 1970 «
719 1928 820 1973 Dies
842 1943 975 1989 quem
997 1928 1100 1973 fecit
1122 1928 1351 1982 Dominus,
1376 1926 1498 1971 exul-

97 2016 120 2042 »
155 2009 297 2044 temus
313 2008 357 2044 et
380 1998 581 2045 laetemur
597 1999 643 2044 in
660 2004 733 2056 eo(
739 2001 784 2062 f
787 2005 816 2057 ).
846 2019 866 2041 »
888 2001 1050 2044 Omnes
1074 1999 1166 2046 dies
1193 1999 1298 2044 fecit
1313 1999 1497 2059 imperio

96 2086 195 2127 suo,
213 2070 291 2116 sed
300 2071 433 2116 istum
447 2070 564 2117 diem
581 2070 686 2116 fecit
699 2071 910 2130 sanguine
923 2086 1016 2116 suo.
1032 2071 1205 2116 Laetitia
1217 2069 1301 2115 fuit
1314 2070 1497 2115 mortuis

95 2141 333 2198 suscitatis,
359 2142 418 2187 sic
441 2151 486 2186 et
512 2142 638 2187 nobis
663 2141 823 2201 gaudio
851 2142 1074 2202 praesentis
1095 2141 1243 2201 gloriae
1266 2140 1493 2186 decoratis.

98 2212 168 2258 Illi
195 2213 319 2258 ibant
345 2214 393 2259 in
419 2224 614 2259 sanctam
642 2213 883 2270 civitatem,
918 2230 996 2259 nos
1030 2214 1191 2258 ibimus
1222 2212 1277 2258 ad
1304 2221 1496 2258 sanctam

98 2277 362 2343 Ecclesiam,
386 2284 449 2329 illi
468 2286 513 2329 in
525 2285 725 2330 convivio
740 2295 1007 2341 sanctorum,
1034 2301 1112 2330 nos
1125 2285 1170 2329 in
1183 2300 1332 2329 mensa
1354 2299 1496 2329 secre-

99 2365 246 2400 torum
266 2356 360 2401 Dei.
385 2355 624 2402 Nobiscum
646 2356 809 2401 laetitiae
828 2357 1032 2401 societate
1054 2355 1310 2401 convivatur
1332 2355 1496 2398 exerci-

102 2438 170 2472 tus
192 2427 478 2487 Angelorum.
498 2428 717 2474 Tollamus
729 2445 912 2474 munera
926 2438 1095 2488 nostra,
1121 2428 1353 2472 afferamus
1367 2426 1497 2471 corda

101 2508 264 2555 nostra,
289 2509 334 2544 et
353 2500 563 2545 instantes
586 2510 811 2546 cantemus
832 2517 932 2545 cum
957 2501 1147 2545 cithara:
1179 2520 1198 2542 «
1227 2499 1423 2544 Introibo
1441 2497 1497 2542 ad

147 2609 193 2651 (a)
214 2609 294 2642 Psal.
310 2608 386 2652 xxii,
407 2609 439 2652 4.
456 2628 498 2633 -—
522 2610 565 2651 (h)
583 2613 677 2643 Joan.
697 2623 764 2653 xvi,
781 2620 834 2644 20.
847 2629 888 2633 —-
908 2610 949 2651 (c)
964 2610 1043 2643 Psal.
1062 2621 1156 2653 xxix,
1182 2620 1287 2643 12.—
1312 2608 1364 2650 (d)
1381 2617 1399 2641 2
1419 2611 1493 2642 (jor.

102 2677 154 2707 iu,
180 2666 230 2698 18.
247 2683 289 2689 -
310 2666 351 2706 (e)
371 2669 463 2700 Rom.
484 2678 550 2709 1111,
574 2677 624 2701 12.
642 2684 683 2691 -
713 2667 786 2710 (f)
807 2667 889 2701 Psal.
907 2678 1002 2710 cxvii,
1023 2666 1076 2709 24.
