1803 3276
303 288 384 326 2-14
742 298 774 323 s.
814 297 856 322 Λι
872 296 1042 321 cisum
1078 295 1257 322 eviscovi

300 361 523 408 (jondccct
539 360 939 405 occultadeclarare
961 358 1210 413 certamina,
1233 359 1334 419 quia
1356 358 1549 403 custodia
1576 374 1690 403 mar-

300 443 447 490 tyrum
462 448 665 494 magnam
682 432 785 476 fecit
807 429 1047 474 victoriam.
1067 432 1163 474 Non
1178 429 1310 474 dcbct
1323 429 1453 474 celari
1467 430 1690 490 quomodo

297 504 443 564 potuit
464 503 626 547 inimici
641 502 856 546 subtilitas
874 500 1088 560 superari,
1106 501 1206 561 quia
1221 500 1328 544 dum
1350 500 1484 545 fuerit
1501 499 1692 545 declara-

299 585 419 630 tum,
446 583 550 618 tunc
583 573 789 618 castitatis
811 581 1024 616 amatores
1061 572 1278 631 incipiunt
1312 571 1565 616 confortari.
1605 574 1690 616 Ista

295 647 412 690 cuim
429 646 665 690 certamina
685 642 985 704 praeliantibus
1000 658 1202 700 magnam
1219 652 1427 703 praestant
1445 642 1686 698 audaciam,

293 716 413 761 unde
454 731 627 760 necesse
668 724 731 759 cst
772 724 821 758 ut
857 715 982 759 castis
1021 713 1251 771 reddatur,
1283 724 1327 760 et
1353 714 1522 776 pudicis
1552 730 1689 775 expo-

293 797 439 839 natur,
484 797 534 831 ut
557 787 665 831 dum
693 787 855 847 Joscph
889 802 968 846 pro
991 786 1186 831 castitate
1215 798 1471 844 coronatur,
1513 797 1556 832 et
1576 787 1689 833 victa

292 859 498 920 AEgyptia
511 873 741 919 superatur
755 861 786 914 ¹,
807 857 1009 904 diabolus
1030 873 1202 919 semper
1219 859 1265 904 in
1279 860 1485 905 omnibus
1503 858 1690 905 consun-

292 930 438 976 datur.

348 1012 407 1054 ΙΙ.
446 1008 585 1068 Igitur
608 1009 761 1053 beatus
784 1009 861 1053 istc
885 1007 1048 1069 Joscpli
1071 1018 1163 1054 erat
1193 1007 1331 1054 nobili
1359 1024 1516 1068 genere
1539 1018 1684 1066 ortus,

281 1082 455 1144 juvenis
479 1082 523 1125 in
546 1091 695 1137 (etate,
721 1081 906 1141 pulcher
925 1097 1107 1142 corpore
1124 1117 1134 1137 ,
1153 1092 1196 1127 et
1218 1081 1448 1142 pulchrior
1471 1082 1683 1127 castitate.

290 1154 371 1198 Hic
393 1153 556 1197 invidia
579 1153 765 1196 fratrum
791 1152 1019 1197 Isma'c'litis
1044 1152 1256 1212 puerulus
1278 1153 1584 1209 venundatur,
1610 1170 1689 1198 cu-

284 1226 357 1286 jus
397 1222 550 1267 fratres
578 1223 648 1267 vel
679 1223 853 1267 divitias
886 1223 1126 1267 nescientes
1159 1223 1502 1279 vendiderunt2,
1538 1234 1581 1269 et
1603 1224 1688 1270 vile

284 1293 555 1354 mancipium
576 1295 623 1337 in
640 1296 912 1354 AEgyptum³
932 1293 1183 1354 perducunt
1205 1293 1373 1339 venale.
1397 1297 1565 1341 Iterum
1585 1312 1689 1357 pro-

285 1365 489 1427 ponitur,
516 1368 650 1410 semel
682 1365 918 1421 naseitur⁴‚
945 1374 988 1410 et
1009 1364 1205 1411 secundo
1226 1365 1504 1423 distrahitur,
1528 1366 1687 1413 vendi-

286 1447 387 1494 tur,
407 1445 706 1498 eomparatur,
729 1453 820 1481 non
842 1436 1040 1482 servituti
1062 1437 1364 1495 damnandus,
1387 1437 1463 1483 sed
1486 1438 1541 1483 ad
1562 1454 1687 1498 mag-

283 1525 388 1554 nam
435 1511 617 1568 gloriam
653 1506 956 1553 destinandus.
1005 1510 1103 1554 Non
1136 1509 1253 1553 enim
1290 1510 1453 1570 Joseph
1496 1509 1686 1556 hominis

283 1582 467 1642 imperio
496 1582 773 1642 subjugatur,
811 1582 856 1626 in
884 1597 973 1642 quo
996 1581 1053 1626 sic
1091 1582 1266 1627 castitas
1304 1582 1542 1642 gloriatur,
1582 1583 1686 1645 quia

282 1654 361 1698 etsi
383 1654 530 1698 denuo
552 1651 860 1709 venundatur,
885 1652 961 1697 sed
983 1653 1161 1698 libertas
1183 1653 1230 1698 in
1247 1669 1300 1699 eo
1312 1669 1543 1716 nunquam
1558 1655 1685 1715 peni-

279 1734 350 1770 tus
378 1726 637 1770 minoratur.
668 1728 824 1771 Servus
858 1724 1087 1781 venditur,
1110 1734 1154 1770 et
1183 1725 1388 1772 dominus
1422 1726 1681 1772 collocatur.

281 1799 407 1842 Latet
436 1798 596 1858 pariter
630 1806 672 1842 et
702 1805 926 1857 potestas,
951 1796 1129 1841 humilis
1161 1807 1252 1842 erat
1272 1814 1407 1859 puer,
1434 1800 1682 1856 crescebat,

280 1867 468 1913 dominis
490 1867 680 1912 fideliter
703 1867 941 1924 serviebat,
969 1877 1011 1912 et
1035 1866 1224 1927 dignitas
1247 1869 1292 1913 in
1315 1870 1510 1915 moribus
1544 1869 1683 1915 reful-

281 1940 431 1999 gebat,
447 1940 653 2001 portabat
674 1940 720 1983 in
743 1939 888 1984 animo
909 1939 1145 2000 puritatem
1162 1975 1174 1996 ,
1195 1941 1448 1986 occultabat
1466 1942 1512 1987 in
1526 1958 1684 2002 genere

279 2012 536 2070 dignitatem
552 2048 562 2068 ,
589 2020 632 2056 et
655 2010 918 2056 ostendebat
941 2011 987 2055 in
1008 2012 1205 2057 moribus
1230 2011 1494 2058 libertatem.
1525 2015 1562 2059 O
1584 2013 1682 2059 vilis

278 2084 501 2128 distractio
530 2093 574 2128 et
602 2099 759 2142 magna
787 2083 1083 2142 comparatio!
1114 2086 1272 2129 Servus
1297 2094 1340 2129 et
1362 2085 1500 2143 liber,
1530 2101 1681 2130 servus

276 2172 356 2218 pro
379 2156 564 2211 invidia,
590 2146 700 2199 liber
723 2171 802 2215 pro
826 2155 1022 2216 justitia,
1049 2171 1196 2200 servus
1220 2172 1275 2200 ne
1292 2156 1470 2217 dissipet
1492 2157 1681 2203 charita-

277 2238 365 2273 tem
379 2265 389 2284 ,
410 2227 521 2272 liber
538 2237 588 2272 ut
605 2227 798 2273 vindicet
812 2226 1071 2271 castitatem.
1090 2228 1231 2272 Servit
1244 2227 1432 2273 fideliter
1455 2238 1498 2274 et
1512 2239 1681 2290 pugnat

279 2299 516 2344 audaciter.
538 2299 745 2344 Exercuit
761 2297 910 2353 fidem,
935 2307 978 2342 et
1000 2298 1161 2342 meruit
1185 2298 1241 2343 ad
1262 2301 1471 2360 majorem
1496 2300 1679 2360 gloriam

276 2371 517 2432 pervenire.
543 2373 601 2417 Et
622 2371 722 2416 ideo
753 2369 1006 2415 dominatur
1040 2369 1269 2428 dominus,
1298 2371 1401 2432 quia
1436 2373 1544 2417 dum
1576 2389 1676 2418 eum

328 2510 336 2528 ¹
355 2501 505 2537 Abundat
528 2501 685 2545 particula
724 2509 775 2544 et,
805 2512 900 2545 quam
918 2501 1106 2535 delevimus.
1140 2520 1182 2526 --
1222 2510 1234 2526 ²
1253 2503 1357 2537 Verba
1378 2505 1450 2538 vile
1467 2507 1676 2549 marmipitmz

276 2561 480 2604 reperiuntur
503 2560 534 2592 iu
551 2562 583 2592 S.
604 2559 791 2599 Ambrosio,
818 2559 858 2591 (le
875 2559 1015 2602 Josepho
1035 2559 1239 2601 Patriarcha,
1261 2563 1374 2603 Expos.
1402 2561 1432 2593 in
1453 2562 1531 2594 l‘sal.
1553 2573 1649 2595 cxvni
1663 2587 1672 2604 ‚

276 2630 305 2650 n.
329 2618 390 2657 31,
416 2617 471 2648 fol.
503 2616 579 2648 533,
609 2633 649 2637 --
676 2613 689 2638 3
710 2615 816 2647 mli-x·
848 2616 927 2648 male
956 2616 1170 2661 1'122‘12'5i72l0.
1195 2630 1237 2639 „-
1262 2614 1277 2646 4
1299 2617 1352 2650 sic
1371 2616 1479 2650 Codex
1505 2618 1674 2652 evidenter

275 2675 442 2717 mendose,
463 2674 548 2707 sorte
567 2673 601 2705 ιἰι
621 2672 807 2704 visa-ruam
830 2672 999 2717 injicitur.
