1803 3276
332 202 354 238 8
907 209 954 235 Π.
969 207 1136 236 trun».

331 288 500 318 necnon
524 283 565 318 ct
590 273 871 331 religiosiores
893 288 1062 317 servare
1081 271 1320 331 gloriantur
1343 270 1552 329 regiones,
1573 279 1616 314 et
1634 270 1715 314 im-

331 345 478 404 primis
499 353 643 387 saneta
679 342 749 387 illa
775 358 951 388 romana
973 342 1186 396 Ecclesia,
1221 357 1319 402 quse
1351 349 1504 400 utpote
1536 339 1715 385 unitatis

330 426 557 466 centrum,
598 425 635 457 vt
679 416 808 459 totius
841 414 956 458 orbis
990 423 1150 470 mater,
1181 411 1399 473 quidquid
1427 411 1594 456 bonum
1623 420 1713 467 est,

329 486 544 548 quidquid
579 486 789 542 salutare,
827 485 1045 547 quidquid
1079 485 1407 540 venerandum,
1443 499 1531 529 non
1560 483 1719 529 retinet

329 558 460 604 niodo
478 594 488 613 ‚
525 557 600 603 sed
632 568 674 602 et
698 557 921 601 ardentius
945 556 1062 602 sovet
1086 572 1133 601 ac
1156 554 1327 615 longius
1352 569 1590 616 propagare
1612 553 1718 599 niti-

331 640 415 675 tur.
445 631 524 674 llic
549 629 692 675 adhuc
715 629 901 675 Carmeli
925 628 1081 687 deeus3
1105 629 1176 673 hic
1191 628 1369 672 divitem
1382 627 1427 672 in
1441 643 1515 672 sua
1533 641 1721 688 pauper-

331 711 417 746 tate
441 701 656 746 Francisci
681 700 959 760 progeniem,
992 700 1062 745 hic
1085 699 1236 744 doctos
1258 699 1470 744 Dominici
1493 697 1717 757 alumnos3

331 774 399 817 liic
420 782 642 832 potentem
667 771 844 815 scientia
863 780 906 816 et
928 771 1088 816 virtute
1111 770 1266 830 Ignatii
1283 768 1518 828 familiam,
1542 769 1613 815 hic
1631 778 1720 814 tam

329 843 546 889 celebrem
571 843 615 887 in
634 842 875 888 litterarum
897 841 1128 887 annalibus
1146 841 1350 902 simplicis
1368 841 1481 886 illius
1496 840 1722 886 Benedicti

330 914 574 976 prosapiam
597 913 744 959 videre
776 913 907 958 datur
938 923 982 958 et
1009 912 1242 971 admirari,
1276 913 1346 957 hic
1378 911 1523 958 adhuc
1545 911 1722 957 claustri

330 985 550 1032 silentium
575 1001 665 1030 non
688 985 873 1030 orationi
895 983 1036 1031 solum
1050 994 1093 1030 et
1109 983 1400 1046 poenitentiae,
1424 982 1502 1029 sed
1518 992 1563 1028 et
1581 981 1724 1029 labori

332 1065 378 1102 et
409 1055 621 1102 doctrinae
652 1054 827 1114 favens,
872 1056 943 1101 hic
973 1055 1180 1117 impensae
1217 1053 1359 1100 multo
1387 1053 1543 1100 melius
1579 1051 1725 1099 studio

332 1137 376 1174 et
397 1127 573 1173 lectioni
595 1127 736 1187 longa:
760 1127 845 1172 illae
868 1128 987 1173 horae
1005 1162 1016 1183 ,
1053 1143 1152 1189 quae
1175 1125 1389 1172 mundani
1410 1126 1624 1188 sapientes
1641 1140 1726 1172 sae-

333 1199 430 1260 pius
453 1200 497 1244 in
520 1200 631 1256 otio,
669 1209 712 1244 et
740 1199 852 1244 forte
886 1199 931 1244 in
958 1198 1251 1260 cupiditatum
1274 1198 1440 1245 insania
1468 1197 1655 1245 inaniter
1683 1206 1727 1244 et

333 1285 424 1316 nou
446 1286 537 1315 sine
560 1285 739 1315 crimine
762 1279 1043 1316 consumunt.

396 1343 453 1387 11.
491 1344 594 1386 Haee
625 1341 917 1400 cogitantibus
952 1341 1078 1386 nobis
1103 1341 1394 1401 gratissimum
1423 1340 1478 1387 ad
1509 1355 1634 1387 aures
1655 1340 1727 1386 in-

333 1413 482 1459 sonuit
503 1413 725 1469 nuntium,
747 1421 790 1458 et
812 1412 922 1458 illud
940 1413 1118 1475 quidem
1137 1413 1192 1458 ab
1211 1429 1284 1458 ore
1306 1413 1729 1460 illustrissimoemis-

334 1500 430 1529 sum
445 1519 456 1540 ,
481 1483 627 1545 plures
651 1483 787 1528 Italiae
811 1483 1097 1530 bibliothecas
1119 1500 1174 1529 ne
1192 1500 1216 1529 a
1238 1484 1530 1530 Benedictinis
1548 1483 1728 1546 quidem

334 1555 544 1600 Maurinis
562 1555 845 1615 interrogatas
863 1554 1009 1612 fuisse,
1029 1571 1130 1601 cum
1143 1555 1237 1600 illas
1255 1564 1344 1600 tam
1359 1553 1729 1601 commendandas

336 1627 513 1672 aliunde
540 1626 752 1673 editiones
774 1627 1053 1684 emitterent,
1094 1627 1154 1673 ita
1177 1637 1228 1673 ut
1249 1626 1404 1684 multi,
1429 1643 1512 1674 nee
1528 1626 1726 1688 indigni,

334 1700 438 1745 hinc
461 1709 504 1745 et
534 1699 636 1744 inde
669 1700 820 1745 intacti
842 1709 1118 1746 remanerent
1143 1700 1360 1757 thesauri,
1395 1699 1442 1745 in
1471 1699 1617 1746 lucem
1637 1713 1730 1745 non

334 1771 427 1817 sine
440 1786 596 1830 magna
606 1769 809 1816 Ecclesiae
822 1770 1008 1816 utilitate
1022 1772 1181 1816 iterum
1196 1769 1462 1832 proferendi.
1475 1773 1584 1825 Quae
1596 1769 1731 1817 suerit

337 1842 433 1888 talis
456 1843 501 1886 iu
524 1852 588 1887 tot
619 1842 837 1905 tantisque
859 1843 960 1888 viris
984 1842 1263 1904 negligentiae
1284 1852 1361 1888 aut
1383 1843 1528 1904 potius
1546 1852 1729 1904 prseter-

336 1914 550 1961 missionis
588 1929 716 1961 eausa
739 1949 750 1972 ,
786 1931 877 1961 non
913 1915 1015 1961 satis
1052 1924 1251 1962 constare
1287 1915 1485 1971 videtur,
1520 1915 1609 1961 sive
1628 1949 1641 1973 ,
1678 1924 1732 1962 ut

335 1986 538 2033 nonnulli
560 1986 716 2033 volunt
737 2023 748 2044 ,
773 1986 838 2033 illi
858 1988 1075 2034 exhaustis
1093 1988 1330 2050 majoribus
1350 1986 1651 2045 bibliothecis,
1665 1986 1732 2033 ni-

332 2058 399 2105 hil
412 2060 456 2103 in
465 2060 706 2105 minoribus
719 2059 970 2106 delitescere
982 2059 1263 2117 crediderint,
1279 2060 1385 2117 sive,
1400 2069 1452 2105 ut
1463 2059 1520 2105 ab
1532 2059 1625 2106 aliis
1632 2075 1732 2121 pro·

334 2130 525 2176 habilius
548 2130 754 2188 traditur,
781 2131 1007 2178 nonnullae
1027 2131 1132 2176 belli
1154 2131 1392 2178 aliorumve
1414 2146 1595 2178 casuum
1617 2131 1732 2178 diffi-

335 2201 542 2258 cultates,
568 2219 668 2265 quae
693 2201 823 2248 talem
845 2201 1108 2264 impedirent
1128 2201 1324 2249 laborem
1341 2237 1352 2259 ‚
1384 2203 1730 2264 intercesserint,

334 2273 553 2336 quidquid
594 2275 674 2330 sit,
720 2274 1003 2321 nihilominus
1040 2284 1211 2321 certum
1249 2273 1422 2332 evadit,
1458 2275 1505 2321 in
1531 2274 1731 2337 plurimis

338 2345 475 2392 Italiae
500 2345 775 2393 bibliothecis
799 2347 1000 2409 antiquos
1024 2347 1202 2408 reperiri
1220 2347 1519 2409 pretiososque
1537 2347 1726 2405 codices,

334 2433 387 2463 ex
407 2418 570 2479 quibus
584 2453 596 2474 ,
627 2419 751 2479 quasi
785 2434 836 2463 ex
868 2419 1100 2465 ditioribus
1122 2418 1309 2464 metallis
1332 2418 1556 2480 spirituale
1577 2418 1634 2465 ad
1653 2434 1729 2465 or·-

335 2499 592 2535 namentum
614 2489 818 2535 Ecclesia:
836 2525 846 2546 ,
873 2500 1104 2550 argentum
1127 2500 1171 2535 et
1193 2506 1349 2535 aurum
1373 2499 1517 2551 potest
1534 2490 1643 2536 erui.

397 2564 479 2608 111.
522 2561 664 2608 Prima
701 2562 813 2608 inter
846 2560 938 2608 illas
969 2572 1012 2608 et
1051 2562 1252 2609 codicum
1292 2576 1498 2619 numero,
1546 2572 1590 2609 et
1632 2577 1727 2610 mo-
1793 2561 1797 2565 ’

1790 342 1792 364 l
