1803 3276
318 326 396 363 168
741 335 774 362 s.
812 336 1040 364 Arcanum
1076 339 1258 365 Eris-cort

310 403 438 447 etiam
456 401 632 446 leonum
652 400 782 446 finnus
794 401 990 461 expavit?
1004 405 1036 446 E
1044 417 1198 462 rgo-ne
1214 413 1259 448 tu
1276 404 1494 463 vituperas
1507 418 1699 457 carnem,

309 489 410 534 quse
427 473 728 517 tortitudinem
745 482 992 517 sanctarum
1008 474 1250 519 animarum
1265 474 1488 535 adjuvans,
1502 474 1705 518 innume-

314 559 384 589 ros
402 547 615 602 Martyres
634 543 735 587 fecit
750 546 759 569 ¹
775 543 1035 604 PVituperas
1049 545 1256 605 perditos,
1270 545 1489 605 vituperas
1508 543 1708 589 luxurio-

310 632 394 671 sos,
415 631 604 677 quorum
618 614 774 659 animae
785 613 1006 660 desideriis
1023 616 1165 675 primo
1183 625 1401 676 corruptae
1416 652 1427 672 ,
1445 616 1491 660 in
1507 615 1622 661 vitiis
1635 615 1706 661 vel

310 687 593 732 libidinibus-²
613 701 795 746 corpora
811 687 1131 747 corrumpenda
1155 697 1394 734 traxerunt.
1410 688 1641 748 Vituperas
1663 695 1707 732 et

310 758 498 816 Angelos
519 758 595 819 qui
615 756 723 802 filias
740 757 971 802 hominum
992 758 1243 803 adamantes
1255 795 1265 815 ,
1281 758 1529 805 coelcstium
1546 773 1707 818 corpo—-

310 845 410 874 rum
432 831 701 891 majestatem
724 838 894 874 terrena
915 829 1112 890 proluvie
1135 829 1431 891 polluerunt3.
1456 831 1554 877 Sive
1574 830 1709 890 igitur

310 899 461 946 laudes
482 902 528 946 in
550 900 818 959 Martyrilms
843 916 1040 957 carnem,
1067 902 1154 946 sive
1179 902 1225 946 in
1246 901 1479 947 luxuriosis
1507 916 1704 956 accuses,

309 984 550 1035 utrumque
580 989 754 1019 necesse
784 983 848 1020 est
880 974 1108 1019 animabus
1139 974 1310 1019 ascribi.
1338 972 1566 1036 Quidquid
1591 974 1708 1018 enim

311 1046 455 1090 anima
477 1045 639 1101 voluit,
671 1046 854 1091 servitus
877 1045 1017 1091 carnis
1048 1045 1262 1106 implevit.
1296 1048 1513 1105 Resurget
1545 1044 1706 1104 igitur,

311 1132 435 1172 caro,
461 1117 550 1162 sive
578 1126 751 1173 sancta,
777 1116 866 1161 sive
900 1132 994 1172 rea,
1025 1132 1175 1162 causas
1209 1116 1311 1162 vitae
1343 1117 1576 1176 praeteritae
1606 1131 1709 1160 cum

312 1189 456 1233 anima
484 1187 724 1233 redditura.
750 1190 849 1233 Non
872 1187 996 1232 aliter
1018 1203 1151 1248 quam
1171 1188 1206 1232 si
1228 1187 1384 1233 ancilla
1407 1203 1509 1233 cum
1531 1186 1710 1232 domina

310 1259 357 1303 in
386 1275 515 1304 causa
538 1260 742 1304 castitatis
765 1258 991 1318 audiatur3
1005 1268 1048 1304 et
1069 1259 1104 1303 si
1125 1259 1395 1304 lenocinium
1416 1257 1581 1303 famula
1597 1274 1711 1319 prae-

311 1330 431 1386 buit,
453 1346 524 1375 rea
546 1339 694 1375 tamen
717 1339 782 1374 est
802 1329 981 1374 domina
1004 1345 1105 1391 quae
1126 1329 1267 1375 voluit
1287 1340 1364 1375 aut
1381 1330 1617 1376 consensit.

371 1404 426 1446 V.
453 1405 668 1461 Resurget
690 1401 824 1461 igitur
846 1417 970 1457 caro,
994 1402 1084 1447 sive
1111 1393 1282 1458 sancta,
1304 1402 1393 1447 sive
1419 1417 1519 1461 rea3
1543 1411 1710 1446 morta-

310 1474 461 1535 lesquc
489 1474 649 1518 iterum
677 1472 822 1517 miseri
844 1473 991 1518 vivere
1019 1482 1235 1533 cogentur
1254 1473 1396 1518 inviti.
1420 1475 1457 1518 Ο
1480 1473 1713 1519 necessitas

312 1545 483 1590 rerum!
516 1544 624 1589 dum
656 1559 844 1605 purgare
867 1559 1043 1589 carnem
1070 1544 1400 1601 contendimus,
1428 1546 1591 1590 animas
1617 1554 1713 1589 coe-'-

312 1617 456 1677 pimus
480 1632 697 1662 accusare.
715 1619 982 1662 Accusamus
1002 1614 1202 1676 profecto
1218 1631 1402 1660 munera
1419 1616 1514 1672 Dei,
1542 1632 1642 1677 quae
1663 1623 1714 1661 ut

313 1686 514 1732 scintilla:
544 1687 599 1731 de
622 1688 798 1731 stamma
817 1686 1042 1743 salientes,
1074 1702 1165 1732 non
1193 1686 1338 1732 vivere
1365 1687 1409 1731 in
1433 1687 1607 1744 fomite,
1638 1685 1714 1731 sed

314 1759 361 1803 in
383 1757 553 1819 stipulis
574 1759 769 1817 extingui
790 1769 1075 1818 meruerunt,
1096 1774 1354 1805 accusamus
1372 1758 1564 1804 coelestia
1579 1769 1716 1804 terre-

315 1832 382 1876 nis
413 1846 632 1891 opprcssa.
670 1831 747 1875 Dei
781 1841 929 1876 tamen
971 1841 1250 1892 expectamus
1281 1832 1521 1893 judicium,
1558 1833 1634 1893 qui
1672 1841 1716 1877 et

315 1903 455 1947 carnis
485 1902 628 1947 ollicia
657 1911 701 1947 et
729 1903 883 1947 merita
911 1898 1126 1962 ponderat
1154 1903 1415 1948 animarum.
1451 1907 1540 1949 Nec
1572 1904 1715 1948 anima

316 1976 450 2034 igitur
478 1974 569 2019 sine
591 1990 743 2030 carne,
767 1990 848 2019 nec
869 1990 970 2020 caro
998 1975 1089 2019 sine
1112 1975 1257 2020 anima
1280 1976 1576 2020 innocentiam
1600 1976 1716 2036 pati-

320 2057 391 2092 tur
422 2056 498 2092 aut
533 2056 718 2092 reatum.
757 2049 898 2106 Igitur
928 2047 1032 2108 quia
1054 2047 1143 2093 vita
1179 2048 1448 2104 communis,
1475 2049 1719 2109 quaestione

316 2119 540 2165 communi
554 2119 825 2164 discurritur.
844 2121 988 2165 Homo
1009 2120 1190 2165 interior
1206 2120 1430 2176 exteriori,
1446 2119 1494 2165 id
1511 2130 1591 2175 est,
1615 2130 1716 2166 caro

317 2192 474 2237 anima:
503 2200 760 2250 revocatur·⁷
787 2206 890 2236 cum
923 2191 1067 2236 anima
1100 2207 1292 2254 namque
1328 2192 1613 2252 purgabitur,
1640 2201 1716 2238 aut

318 2264 461 2309 anima
488 2278 589 2308 cum
618 2278 748 2308 earne
771 2263 996 2323 punietur.

368 2381 377 2398 ¹
390 2374 498 2408 Codex
519 2374 601 2406 male
624 2386 700 2420 (μαι)
714 2371 951 2417 fiirlitmlt'nes
969 2373 1175 2407 Sanctorum
1189 2373 1323 2406 animas
1338 2371 1505 2418 (uljuvans
1520 2398 1531 2412 ,
1546 2373 1578 2405 ιἰι
1596 2384 1716 2405 nume-

317 2442 374 2461 ros
394 2430 712 2473 nim-lsrrmisbcic.³
731 2446 774 2453 —·
800 2437 813 2452 ²
836 2429 882 2463 Iul.
905 2440 1075 2473 perperam
1101 2427 1263 2462 libidinis.
1286 2447 1328 2453 —
1349 2428 1362 2453 3
1377 2430 1456 2462 Vide
1473 2429 1513 2462 ‹lc
1528 2430 1621 2463 (livit.
1639 2429 1714 2471 Dei,

321 2486 376 2518 lib.
398 2497 453 2528 xv,
479 2497 550 2529 cap.
574 2487 627 2518 233.
