1803 3276
353 176 408 215 90
796 186 829 212 s.
866 183 1096 212 AUGUsnM
1129 183 1307 212 Episcom

355 250 542 300 virtutis.
577 249 770 295 Ostende
792 248 982 309 denique
1001 249 1107 294 mihi
1130 247 1505 309 quemadmodum
1527 248 1574 291 in
1599 246 1745 292 locum

354 331 485 367 costae
519 321 749 381 repleverit
785 335 984 375 carnem,
1018 329 1061 364 et
1088 335 1168 378 ego
1191 320 1269 364 tibi
1291 318 1507 363 exhibebo
1533 318 1747 379 quemad-
1790 326 1795 349 x

355 391 540 438 modum
560 393 712 438 exierit
727 391 782 436 de
805 400 946 446 utero,
972 400 1016 435 et
1032 407 1121 436 non
1140 390 1363 452 1'eliquerit
1385 390 1643 450 passionem.
1663 389 1748 435 Sed

354 464 553 525 profecto
582 462 695 508 illud
723 472 964 506 monstrare
992 477 1082 506 non
1103 463 1289 522 poteris3
1313 462 1416 522 quia
1445 459 1566 521 quod
1587 461 1748 505 virtute

354 536 598 596 perfeetum
622 544 707 591 est,
723 534 981 593 investigare
992 550 1081 579 non
1103 535 1253 579 sineris
1274 550 1283 576 :
1306 535 1364 578 ita
1382 549 1487 592 crgo
1505 542 1548 577 et
1567 547 1748 592 corrup-

356 606 489 651 telam
511 605 697 664 Virginis
733 605 948 648 assirmare
972 620 1062 650 non
1087 605 1268 665 poteris,
1289 603 1393 665 quia
1414 603 1611 649 clausum
1634 606 1749 650 Deus

355 693 445 723 csse
468 675 608 722 voluit
625 676 746 737 quod
768 675 967 737 inquiris.

414 749 601 792 XXVII.
634 749 808 805 Exurge
841 762 945 806 ergo
983 748 1028 791 in
1056 745 1211 792 laudes
1251 747 1447 802 Domini,
1474 745 1747 802 Christiane,

359 818 487 865 laetus
515 832 689 876 exurge.
724 816 965 863 Ecclesiam
997 817 1097 873 Dei,
1123 817 1336 878 templum
1360 817 1543 874 Christi,
1569 816 1752 862 domum

356 889 544 950 Spiritus
568 888 707 934 sancti
725 888 890 933 sonoris
903 887 1036 949 imple
1054 889 1296 949 praeconiis.
1324 892 1444 933 Intra
1461 889 1506 932 in
1527 887 1753 933 stabulum

355 961 595 1017 creatoris,
622 960 853 1022 frequenta
874 962 1136 1021 praesepium
1153 959 1385 1006 Salvatoris
1398 995 1409 1016 ‚
1426 969 1469 1004 et
1491 959 1644 1004 aeterni
1661 975 1753 1020 pas-

356 1032 462 1077 toris
488 1031 743 1077 deosculare
765 1047 933 1091 pannos
956 1050 965 1077 :
996 1047 1130 1076 cunas
1155 1030 1432 1092 amplectere.
1460 1031 1595 1086 Veni,
1628 1045 1751 1076 eom-

356 1119 472 1164 pone
485 1118 659 1148 mecum
670 1101 822 1148 laudes
838 1102 893 1147 ad
906 1101 1060 1147 foetam
1077 1101 1520 1162 nostram‚Virginem
1537 1111 1749 1157 sanctam,

358 1184 541 1219 matrem
562 1189 732 1229 veram,
758 1189 849 1218 non
873 1190 922 1218 ex
948 1183 1075 1233 partu
1108 1173 1368 1230 marcidam,
1395 1172 1472 1218 sed
1498 1173 1552 1218 de
1574 1173 1753 1234 pudoris

358 1245 610 1305 integritate
632 1244 883 1290 formosam.
908 1245 1059 1290 Lauda
1081 1262 1183 1291 cum
1203 1246 1326 1292 coelis
1342 1282 1354 1302 ⁷
1379 1245 1511 1290 lauda
1535 1261 1637 1291 cum
1658 1249 1753 1291 An-

360 1315 484 1376 gelis,
509 1314 639 1366 lauda
662 1331 765 1361 cum
780 1316 1030 1361 Virtutibus
1044 1317 1276 1373 universis,
1298 1316 1429 1362 lauda
1447 1333 1549 1363 cum
1576 1318 1753 1362 terrenis

359 1396 403 1431 et
423 1385 571 1431 inferis
589 1384 813 1431 elementis
828 1408 838 1445 3
856 1396 899 1431 et
916 1403 971 1432 ne
993 1387 1179 1444 desinas,
1197 1405 1252 1434 nc
1274 1390 1467 1450 quiescas
1490 1388 1635 1434 dicere
1656 1389 1752 1450 glo-

358 1458 468 1502 riam
493 1456 724 1503 Salvatoris
747 1477 755 1502 ε
776 1477 797 1500 «
818 1456 965 1503 Gloria
987 1459 1032 1502 in
1055 1458 1228 1504 excelsis
1251 1463 1366 1517 Deo,
1392 1469 1436 1506 et
1462 1460 1509 1506 in
1533 1470 1644 1505 terra
1670 1476 1753 1521 pax

363 1546 384 1570 »
418 1528 671 1573 homiuibus
688 1528 818 1574 bonae
839 1528 1077 1575 voluntatis
1094 1531 1181 1590 (a).
1218 1549 1238 1574 »

405 1654 451 1695 (a)
466 1656 543 1688 Luc.
561 1655 594 1698 u,
617 1654 669 1699 ¹4·
