1803 3276
292 240 342 275 10
858 243 1089 272 pampano.

283 327 397 366 rum,
421 326 510 356 non
532 311 644 356 forte
658 309 801 355 adhuc
821 318 1014 355 correcta
1031 310 1130 354 satis
1146 312 1154 333 ¹
1172 322 1319 370 opera,
1345 307 1465 352 illine
1484 308 1674 352 sanctio-

289 398 354 427 res
371 381 672 440 Chrysostomi
688 416 699 436 ,
724 380 949 440 Origenis‚
973 379 1224 440 Augustini,
1250 378 1407 424 Leonis
1423 413 1436 435 ,
1460 377 1674 437 Gregorii,

287 463 638 514 caeterorumque
670 452 799 513 primi
836 452 1024 497 nominis
1066 452 1404 496 christianorum
1441 448 1677 494 doctorum

283 523 611 569 lucubrationes
627 558 639 578 ,
674 537 810 567 manu
838 521 937 583 plus
969 521 1169 566 minusve
1202 519 1349 576 fideli,
1384 518 1463 565 sed
1499 518 1680 580 antiqua

284 594 449 656 ubique
462 603 506 640 et
520 594 686 655 ubique
697 591 934 638 venerabili
955 593 1126 653 seriptae
1142 600 1187 636 et
1201 590 1432 635 delineatae
1445 589 1680 636 continen-

284 667 389 711 tur?
411 664 517 719 Quis
540 665 674 724 igitur
691 665 812 725 justo
831 679 1024 725 sanoque
1041 662 1211 725 judicio
1234 660 1447 722 praeditus
1467 675 1684 708 veneran-

285 735 393 782 dum
414 735 542 781 illum
559 736 849 780 monasticum
868 734 1069 780 ordinem
1086 769 1098 790 ,
1122 742 1284 779 etcum
1302 748 1354 779 eo
1373 732 1454 778 alia
1471 732 1682 794 pleraque

283 807 504 868 religionis
525 807 726 852 instituta
759 807 814 850 de
849 806 1045 851 humano
1067 820 1249 864 genere,
1274 804 1377 850 lieet
1400 806 1570 865 ingrato
1586 838 1598 860 ,
1623 804 1683 848 ita

282 879 396 923 bene
410 878 563 923 merita
578 894 667 923 non
682 877 1006 939 suspiciat,quae
1017 885 1083 922 tot
1095 885 1139 922 et
1150 885 1270 921 tanta
1285 875 1458 937 populis
1466 875 1682 922 virtutum

283 949 544 1010 pietatisque
565 947 762 1009 exempla
778 984 790 1005 ,
825 956 892 994 tot
912 956 1143 1009 tantasque
1171 946 1449 1007 agriculturae
1467 946 1681 1007 regioneS,

284 1029 351 1066 tot
369 1029 414 1066 et
435 1029 578 1065 tantas
599 1019 850 1080 gratissimis
871 1018 1111 1080 sculpturae
1128 1027 1172 1064 et
1200 1019 1384 1079 picturae
1402 1017 1570 1063 artibus
1586 1031 1684 1062 ma-

283 1091 410 1136 terias
425 1126 437 1148 ,
462 1099 529 1136 tot
547 1090 729 1136 demum
752 1099 798 1135 et
818 1098 961 1136 tantas
982 1088 1283 1135 ecelesiasticis
1303 1087 1589 1151 profanisque
1609 1087 1686 1134 lit-

285 1162 387 1208 teris
408 1161 639 1207 memorias
660 1160 941 1222 suppeditare
962 1162 1238 1222 potuerunt?

345 1235 420 1278 IV.
448 1235 546 1278 Huc
575 1248 665 1277 non
688 1233 863 1293 propria
885 1231 1129 1289 voluntate,
1150 1231 1228 1277 sed
1248 1231 1394 1277 divina
1416 1241 1550 1287 certe,
1577 1229 1686 1276 dum

283 1302 429 1348 exules
441 1302 676 1348 voluntarii
695 1303 750 1346 ab
763 1303 977 1363 exagitata
994 1303 1124 1348 nimis
1136 1304 1292 1364 patria,
1314 1302 1521 1362 longioris
1529 1301 1689 1347 alisen-

286 1374 357 1419 tiae
379 1389 520 1419 moras
549 1373 695 1418 studio
713 1372 864 1417 fallere
895 1388 1243 1434 proponeremus
1259 1409 1271 1429 ,
1310 1372 1591 1419 Providentia
1608 1370 1688 1417 ad-

285 1443 431 1500 ducti,
453 1442 571 1504 apud
587 1453 788 1488 sanetum
811 1444 1127 1488 monasterium
1149 1445 1167 1503 (
1179 1454 1223 1489 et
1239 1442 1351 1489 illud
1368 1459 1459 1489 non
1481 1441 1685 1499 encomii,

284 1515 361 1559 sed
381 1515 572 1560 veritatis
597 1524 641 1558 et
662 1513 938 1574 gratitudinis
959 1530 1088 1559 causa
1106 1515 1357 1575 profiteor),
1384 1530 1476 1560 non
1498 1513 1688 1574 abjectas

286 1585 380 1630 illas
398 1585 624 1631 invidiosae
652 1585 859 1641 scientiae,
884 1601 984 1646 quae
1007 1584 1286 1630 absconditos
1304 1585 1530 1630 thesauros
1551 1585 1599 1628 in
1619 1583 1691 1628 lu-

287 1671 384 1701 cem
393 1655 593 1702 emittere
605 1655 918 1701 detrimentum
931 1665 1122 1717 reputat,
1140 1656 1410 1717 suspiciones
1424 1655 1687 1711 invenImus,

288 1726 365 1772 sed
387 1726 581 1772 nobilem
604 1725 724 1772 illam
759 1742 1102 1788 generosamque
1123 1743 1238 1772 verae
1262 1727 1476 1772 doetrinae
1498 1724 1693 1771 liberali-

289 1807 423 1843 tatem
446 1814 547 1859 quae
575 1807 767 1858 repertas
796 1797 901 1843 hine
932 1807 977 1843 et
1004 1797 1108 1843 inde
1139 1813 1332 1858 gemmas
1360 1796 1582 1859 possidere
1601 1811 1693 1842 non

338 1943 346 1960 ¹
363 1939 399 1970 ln
422 1936 562 1970 archivio
588 1937 841 1970 Montis-Cassini
866 1938 1026 1981 reperitur
1054 1948 1135 1970 unus
1151 1938 1270 1980 Virgilii
1287 1937 1407 1981 codex,
1432 1938 1465 1971 in
1481 1948 1545 1982 quo
1562 1937 1692 1982 quidam

287 1993 425 2027 celebris
447 1994 526 2026 illius
552 1996 661 2038 politae
685 2006 815 2038 versus,
840 1995 916 2028 alias
937 1995 1143 2039 incompleti,
1172 1995 1290 2039 integri
1309 1996 1477 2040 leguntur5
1498 1995 1545 2029 sic
1562 1995 1690 2029 AEneid.

290 2051 348 2084 lib.
370 2062 409 2093 11,
431 2063 463 2083 v.
483 2050 547 2093 653

632 2150 680 2165 iscc
694 2151 708 2166 υ

291 2192 325 2221 et
345 2187 400 2220 lib.
421 2197 466 2230 n,
485 2198 516 2220 v.
537 2187 603 2220 615
622 2199 630 2227 3

608 2243 685 2269 Feri-0
700 2246 810 2270 accincta
824 2251 896 2270 vocat
907 2264 913 2275 ‚
934 2255 1053 2279 serusque
1070 2245 1180 2270 accendit
1197 2245 1227 2270 nd
1241 2246 1300 2270 iras·

291 2296 326 2326 et
343 2291 397 2325 lib.
421 2303 467 2334 11,
492 2302 523 2324 v.
545 2291 629 2335 7673

609 2348 681 2370 Sum
750 2356 788 2371 uin
800 2366 805 2376 ,
825 2354 847 2371 et
865 2350 944 2372 tacitis
960 2349 1062 2382 implent
1077 2347 1212 2382 mugitibus
1227 2356 1281 2372 urus

291 2395 379 2428 Idem
398 2393 450 2427 ille
466 2404 577 2426 versus
598 2394 715 2437 pariter
733 2394 848 2437 legitur
864 2396 894 2427 in
913 2396 1027 2429 codiee
1047 2396 1219 2440 antiquiori
1236 2399 1359 2428 caract.
1380 2394 1526 2438 Longob.
1539 2420 1549 2438 ‚
1575 2394 1631 2428 cui
1646 2395 1690 2427 ti-

289 2451 373 2483 tulus
394 2463 400 2482 :
431 2450 671 2492 Mis-calanen,
698 2455 777 2483 tom.
797 2463 892 2494 xxxi,
915 2452 1020 2484 saecul.
1043 2463 1075 2484 x.

335 2509 376 2539 Et
392 2506 449 2539 lib.
470 2516 504 2548 u,
523 2517 556 2538 v.
577 2504 664 2548 6403

610 2562 660 2586 Vos
675 2563 764 2596 agitate
777 2563 860 2597 sugam
870 2579 876 2591 ,
891 2568 916 2586 et
929 2562 1003 2587 rebus
1018 2568 1114 2587 servate
1127 2563 1249 2588 secundis.

292 2611 368 2643 Hoec
385 2612 420 2642 et
437 2607 524 2643 forte
541 2608 601 2643 alia
618 2609 739 2653 possint
755 2611 858 2645 doctis
871 2621 933 2646 non
954 2610 1142 2655 negligenda
1166 2609 1279 2644 videri.
