1803 3276
295 254 375 293 358
609 263 640 291 S.
680 264 908 292 At'ot'STth
944 265 1124 293 EPlSCOPl
1158 264 1386 293 APPEme.

299 348 314 364 υ
345 333 440 367 ciem
461 337 560 366 tuam
589 331 634 367 al)
662 331 737 366 ullo
762 342 926 378 paupere
961 331 1097 377 (a).1⁴]x
1121 332 1344 376 substantia,
1379 332 1521 378 inquit,
1555 338 1634 373 tua,
1660 343 1676 363 »

299 402 370 427 non
391 401 434 426 ex
454 390 591 434 alienu,
611 390 697 435 quia
720 389 814 426 sicut
841 401 882 426 cx
904 397 963 426 tua
982 390 1274 427 miscricordiam
1304 391 1372 427 llei
1398 391 1556 434 invenis,
1572 390 1624 426 ita
1638 400 1681 426 ex

295 451 412 486 aliena
432 451 523 486 iram
542 450 717 486 incurris.

343 509 499 545 xxlll.
528 510 630 555 Apte
647 515 771 545 autem
787 509 857 545 lioc
876 508 913 545 in
926 510 1009 545 loeo
1027 508 1117 545 illud
1130 509 1241 545 etiam
1256 509 1441 554 occurrit,
1458 507 1559 555 quod
1573 515 1684 555 supra

305 569 496 605 memoriae
515 568 674 605 defuisse
691 578 896 613 cognosco,
917 569 1003 614 quia
1018 568 1184 605 nonnulli
1199 567 1360 614 exjustis
1376 567 1529 614 quidem
1545 567 1684 604 labori-

298 628 370 664 bus
388 633 500 672 atque
521 627 730 663 redditibus
747 629 1075 673 prae1›arant‚quoe
1094 626 1335 672 omnipotenti
1355 625 1434 662 Deo
1451 624 1628 671 offerant,
1648 626 1686 662 in

301 686 475 734 proprios
492 690 614 720 tamen
633 695 718 721 usus
730 686 824 721 male
836 685 1015 732 acquisita
1032 691 1236 722 assumunt.
1248 684 1390 730 Quibus
1404 686 1602 722 dicendum
1616 689 1686 730 est,

299 745 387 791 quia
397 744 564 790 quamvis
581 749 713 790 putent
728 744 825 789 justa
837 772 846 789 ‚
860 755 934 780 non
946 750 1070 780 tamen
1081 749 1236 791 possunt
1253 745 1402 790 placere
1417 755 1562 781 summo
1584 744 1687 781 Bono

303 805 453 840 illorum
472 809 644 847 munera,
668 805 730 850 qui
749 816 822 841 non
839 805 1052 842 studuerint
1076 805 1355 841 immaculatam
1385 814 1538 842 servare
1553 803 1688 840 vitam.

304 863 403 908 Quid
425 864 522 899 enim
542 868 597 899 cst
613 863 813 910 pretiosius
831 863 1023 901 Conditori
1040 869 1193 902 nostro?
1218 865 1340 902 anima
1362 869 1508 908 nostra,
1527 873 1573 899 an
1592 864 1689 900 dona

303 921 459 959 nostra?
473 922 576 968 quod
604 922 633 958 si
660 922 780 958 anima
795 923 1006 965 sorduerit,
1028 933 1070 959 ac
1089 923 1135 959 de
1159 922 1217 958 his
1236 922 1420 969 numquid
1438 932 1574 959 munus
1589 922 1691 958 aliud

302 982 465 1018 exterius
479 981 668 1027 placebit?
681 987 796 1019 restat
810 983 927 1029 igitur
947 984 1051 1019 vobis
1069 987 1110 1018 ut
1128 983 1217 1019 nihil
1233 993 1277 1018 ex
1291 982 1482 1028 iniquitate
1501 980 1690 1029 Largitori

304 1047 433 1078 vestro
452 1042 643 1077 assumatis
658 1052 724 1078 vos
737 1070 745 1086 ,
759 1043 823 1078 sed
842 1053 885 1077 ex
901 1042 1007 1088 justis
1033 1042 1225 1078 laboribus
1243 1050 1285 1077 ae
1302 1041 1408 1088 justis
1429 1041 1637 1077 redditibus
1655 1046 1692 1077 et

303 1101 355 1136 illi
376 1100 540 1136 oss'cratis
555 1128 563 1144 ‚
584 1107 620 1135 ct
652 1112 718 1136 vos
747 1101 893 1137 vivatis.
914 1102 1043 1137 Restat
1065 1101 1174 1136 etiam
1201 1107 1241 1136 ut
1265 1101 1310 1136 sit
1330 1111 1389 1136 res
1414 1099 1630 1146 temporalis
1656 1100 1693 1135 in

310 1170 439 1203 usum,
461 1160 560 1194 solus
579 1159 637 1193 ille
665 1159 726 1204 qui
747 1165 782 1194 ct
804 1169 868 1195 vos
889 1160 1031 1196 creavit.
1057 1165 1093 1195 et
1111 1160 1207 1195 bona
1226 1159 1444 1205 temporalia
1468 1158 1694 1205 praeparavit

307 1220 344 1254 in
363 1219 610 1263 desiderium3
625 1224 664 1253 ut
678 1229 763 1254 cum
779 1229 788 1247 ¹
806 1230 871 1256 vos
888 1220 1029 1265 pariter
1049 1218 1218 1255 cumillis
1235 1219 1458 1254 transieritis
1477 1226 1561 1264 quae
1576 1218 1694 1260 dedit,

308 1278 533 1325 perveniatis
557 1279 603 1313 ad
621 1278 724 1313 illum
748 1278 811 1325 qui
836 1278 958 1324 dedit3
981 1288 1067 1314 cum
1089 1289 1163 1325 quo
1188 1278 1266 1314 sine
1290 1278 1364 1314 fine
1391 1277 1598 1323 gaudeatis,
1618 1278 1696 1313 sine

302 1339 376 1374 fine
405 1338 588 1384 regnetis,
612 1352 630 1372 «
651 1338 696 1373 In
725 1338 829 1384 cujus
853 1347 969 1383 regno
992 1337 1088 1374 sicut
1117 1337 1170 1374 sol
1194 1338 1362 1382 fulgeatis
1377 1337 1439 1385 (b),
1462 1350 1479 1370 »
1502 1342 1543 1372 ut
1562 1336 1636 1372 lilia
1660 1342 1697 1373 et

301 1409 396 1434 rosae
410 1404 610 1434 vernantes
628 1398 840 1442 redoleatis,
861 1399 1033 1435 omnibus
1051 1398 1188 1435 divitiis
1205 1398 1421 1444 perenniter
1438 1395 1616 1441 affluatis,
1633 1396 1699 1433 ubi

299 1458 436 1493 sanctis
462 1457 661 1503 Deumque
688 1457 903 1493 timentibus
931 1457 1062 1495 civitas
1085 1463 1291 1504 praeparata
1322 1463 1397 1501 est,
1424 1456 1530 1502 cujus
1560 1456 1696 1492 funda-

300 1524 424 1553 menta
443 1517 609 1553 omnium
624 1518 788 1564 lapidum
803 1517 1055 1564 pretiosorum
1074 1522 1210 1554 ornatu
1225 1524 1240 1542 ²
1254 1517 1477 1559 subsistunt3
1495 1527 1579 1563 quae
1592 1514 1696 1552 «Ha-

300 1590 318 1610 »
346 1577 411 1613 bet
424 1582 553 1624 portas
572 1587 616 1612 ex
627 1576 779 1621 singulis
793 1577 1002 1622 margaritis
1014 1587 1023 1621 3
1035 1575 1140 1623 eujus
1156 1577 1277 1623 platea
1290 1587 1334 1613 ex
1347 1586 1438 1613 auro
1454 1576 1698 1612 mundissimo

299 1649 317 1670 r>
348 1642 511 1682 constat3
529 1644 596 1680 per
620 1635 724 1681 cujus
749 1636 913 1672 medium
937 1632 1077 1672 flumen
1102 1647 1208 1683 aquae
1225 1637 1319 1673 vivae
1343 1637 1579 1682 decurrunt,
1600 1639 1637 1670 et
1654 1641 1699 1673 ex

301 1706 323 1731 u
349 1701 509 1741 utraque
524 1701 630 1741 parte
647 1694 811 1730 ssuminis
824 1695 967 1742 lignum
985 1696 1069 1733 vitae
1083 1695 1242 1732 afferens
1256 1695 1400 1732 fructus
1418 1694 1616 1731 duodecim
1631 1704 1699 1740 per

301 1768 319 1788 n
349 1764 495 1790 menses
509 1755 747 1790 duodecim.»
761 1754 896 1790 Manna
917 1756 1138 1791 absconsum
1159 1762 1195 1791 et
1215 1756 1319 1802 panis
1339 1753 1575 1801 Angelorum
1591 1754 1701 1790 eden-

303 1813 404 1849 tibus
418 1814 550 1856 datur,
564 1813 627 1858 qui
640 1813 691 1847 sic
702 1813 935 1849 saturitatem
950 1813 1073 1858 affert,
1088 1820 1128 1850 ut
1143 1813 1697 1860 nunquamfastidiumini'erat3

302 1874 354 1908 sic
371 1872 531 1908 esuriem
550 1871 648 1908 tollit
663 1878 704 1907 ut
716 1883 906 1918 nunquam
920 1873 1045 1908 edenti
1061 1873 1305 1919 cupiditatem
1324 1873 1483 1919 adimat;
1501 1873 1563 1908 ubi
1576 1886 1593 1906 «
1608 1873 1699 1908 Nul-

302 1945 320 1965 »
350 1932 406 1966 lus
426 1931 502 1966 sole
516 1958 526 1975 ,
542 1931 666 1966 nullus
692 1931 777 1966 luna
792 1944 831 1972 ,»
848 1931 972 1967 nullus
989 1931 1143 1967 lucerna
1159 1946 1177 1965 «
1191 1931 1339 1978 egebit,
1357 1931 1442 1977 quia
1461 1942 1533 1967 nox
1554 1931 1604 1966 ibi
1623 1941 1698 1968 non

302 2005 321 2025 >³
352 1993 423 2028 crit
438 2019 449 2036 ,
476 1997 513 2027 et
537 1989 718 2026 Dominus
744 1990 844 2027 Deus
864 1991 1097 2038 omnipotens
1112 1991 1239 2027 lumen
1258 1992 1423 2027 omnium
1441 1991 1513 2027 erit
1528 1990 1584 2038 (c).
1598 1999 1615 2023 >5
1637 1990 1697 2027 Ab

300 2052 362 2089 illa
380 2058 501 2088 autem
522 2053 625 2095 lucc,
645 2058 756 2097 quam
774 2058 863 2087 tunc
883 2052 1007 2087 Sancti
1022 2051 1216 2098 videbunt,
1235 2051 1314 2087 haec
1335 2059 1447 2097 quarn
1461 2052 1572 2087 modo
1592 2051 1699 2088 vide-

301 2123 403 2155 mus,
422 2112 654 2147 solummodo
668 2117 820 2158 accepta
830 2117 898 2148 cst.
916 2111 993 2146 Ista
1014 2111 1122 2157 longe
1141 2112 1384 2153 eminentior,
1398 2111 1507 2159 longe
1520 2116 1698 2157 praestan-

301 2172 374 2208 tior
389 2198 399 2215 ,
417 2180 526 2217 quam
552 2169 631 2210 illa,
652 2170 739 2217 quia
762 2170 823 2205 illa
843 2171 1025 2212 creatrix,
1045 2171 1113 2206 ista
1141 2177 1267 2206 creata
1288 2178 1297 2216 ;
1318 2171 1378 2206 illa
1403 2171 1464 2206 lux
1491 2170 1673 2206 mentium
1687 2198 1697 2216 ,

300 2231 379 2267 liaec
398 2230 461 2266 lux
484 2238 701 2276 corporum.
722 2230 803 2266 Non
822 2240 915 2276 ergo
939 2229 999 2265 illa
1028 2230 1107 2266 talis
1138 2241 1250 2277 quam
1272 2231 1401 2268 videre
1433 2231 1700 2266 consuevimus

302 2291 416 2327 oculis
432 2291 573 2334 carnis,
594 2288 659 2325 sed
680 2299 748 2324 nec
767 2289 827 2324 illa
844 2289 940 2325 bona
960 2299 1043 2335 quae
1057 2290 1306 2336 przemisimus
1334 2290 1418 2325 talia
1438 2294 1551 2335 erunt
1575 2289 1700 2335 qualia

302 2349 361 2385 vcl
381 2350 509 2386 videre
531 2349 568 2383 in
588 2349 657 2383 hac
684 2349 755 2383 vita
769 2373 781 2388 ,
804 2347 860 2384 vel
884 2348 1033 2391 audire,
1050 2349 1108 2385 vel
1131 2349 1296 2394 cogitare
1315 2348 1448 2394 aliquis
1469 2353 1613 2394 potest,
1635 2348 1701 2383 sed

301 2410 419 2445 multo
438 2409 710 2452 excellentiora,
726 2404 1121 2455 multoque'beatiora,
1137 2410 1222 2455 quia
1235 2414 1275 2445 ut
1296 2409 1492 2456 Scriptura
1507 2408 1576 2444 ait:
1595 2409 1699 2444 «Nec

298 2483 316 2503 n
346 2470 473 2506 oculus
498 2470 610 2513 vidit,
626 2477 695 2504 nee
716 2469 815 2504 auris
831 2469 994 2513 audivit,
1011 2479 1080 2504 nee
1107 2469 1143 2504 in
1161 2479 1228 2506 cor
1244 2469 1401 2506 hominis
1434 2469 1598 2505 ascendit
1615 2474 1699 2514 quae

299 2542 316 2562 »
346 2529 571 2575 praeparavit
589 2528 687 2562 Deus
705 2527 946 2573 diligentibus
965 2537 1003 2563 sc
1022 2528 1091 2575 (d).
1105 2541 1121 2560 n

343 2607 386 2648 (a)
402 2606 540 2648 Tob.1v,
552 2617 583 2650 7.
594 2606 809 2647 --(b)ll1attli.
820 2613 888 2646 xm,
901 2604 1164 2650 43.-—-(c)Apoc.
1176 2603 1480 2651 xx1,19‚23.‘—·(d)
1493 2616 1505 2639 1
1518 2608 1594 2641 Cor.
1613 2615 1648 2648 u,
1662 2616 1695 2647 9.

349 2681 359 2698 ¹
383 2674 646 2709 Cod.malcimo.
668 2692 710 2698 ·-
727 2675 828 2709 2C0d.
850 2674 932 2708 male
953 2682 1061 2708 ονιας.
