<?xml version="1.0" encoding="UTF-8"?>
<!DOCTYPE html PUBLIC "-//W3C//DTD XHTML 1.0 Transitional//EN"
    "http://www.w3.org/TR/xhtml1/DTD/xhtml1-transitional.dtd">
<html xmlns="http://www.w3.org/1999/xhtml" xml:lang="en" lang="en">
 <head>
  <title>
</title>
<meta http-equiv="Content-Type" content="text/html;charset=utf-8" />
  <meta name='ocr-system' content='tesseract 3.04.00' />
  <meta name='ocr-capabilities' content='ocr_page ocr_carea ocr_par ocr_line ocrx_word'/>
</head>
<body>
  <div class='ocr_page' id='page_1' title='image "./operaomniaaccura23auguuoft_0237.png"; bbox 0 0 1803 3276; ppageno 0'>
   <div class='ocr_carea' id='block_1_1' title="bbox 397 294 1519 333">
    <p class='ocr_par' dir='ltr' id='par_1_1' title="bbox 397 294 1519 333">
     <span class='ocr_line' id='line_1_1' title="bbox 397 294 1519 333; baseline -0.004 -1"><span class='ocrx_word' id='word_1_1' title='bbox 397 305 535 333; x_wconf 72' lang='lat' dir='ltr'>si-:mro</span> <span class='ocrx_word' id='word_1_2' title='bbox 565 304 632 331; x_wconf 84' lang='lat' dir='ltr'>XL.</span> <span class='ocrx_word' id='word_1_3' title='bbox 669 304 723 330; x_wconf 84' lang='lat' dir='ltr'>DE</span> <span class='ocrx_word' id='word_1_4' title='bbox 756 302 1007 331; x_wconf 70' lang='lat' dir='ltr'><strong>ASCENSIONE</strong></span> <span class='ocrx_word' id='word_1_5' title='bbox 1041 303 1196 329; x_wconf 68' lang='lat' dir='ltr'>nomm</span> <span class='ocrx_word' id='word_1_6' title='bbox 1225 301 1252 329; x_wconf 90' lang='lat'>1.</span> <span class='ocrx_word' id='word_1_7' title='bbox 1437 294 1519 332; x_wconf 79' lang='grc'>9.·27</span> 
     </span>
    </p>
   </div>
   <div class='ocr_carea' id='block_1_2' title="bbox 126 367 1551 2505">
    <p class='ocr_par' dir='ltr' id='par_1_2' title="bbox 126 367 1528 857">
     <span class='ocr_line' id='line_1_2' title="bbox 130 367 1524 428; baseline -0.001 -13"><span class='ocrx_word' id='word_1_8' title='bbox 130 371 274 428; x_wconf 81' lang='lat' dir='ltr'>vexit3</span> <span class='ocrx_word' id='word_1_9' title='bbox 300 386 381 415; x_wconf 93' lang='lat' dir='ltr'>nec</span> <span class='ocrx_word' id='word_1_10' title='bbox 402 369 586 415; x_wconf 81' lang='lat' dir='ltr'>salvasse</span> <span class='ocrx_word' id='word_1_11' title='bbox 606 367 832 412; x_wconf 87' lang='lat' dir='ltr'>hominem</span> <span class='ocrx_word' id='word_1_12' title='bbox 851 376 1082 413; x_wconf 88' lang='lat' dir='ltr'>contentus</span> <span class='ocrx_word' id='word_1_13' title='bbox 1104 370 1189 411; x_wconf 78' lang='lat' dir='ltr'>cst²</span> <span class='ocrx_word' id='word_1_14' title='bbox 1204 403 1214 423; x_wconf 90' lang='lat'>,</span> <span class='ocrx_word' id='word_1_15' title='bbox 1241 368 1371 412; x_wconf 87' lang='lat' dir='ltr'>ctiam</span> <span class='ocrx_word' id='word_1_16' title='bbox 1391 368 1524 428; x_wconf 83' lang='lat' dir='ltr'>glori-</span> 
     </span>
     <span class='ocr_line' id='line_1_3' title="bbox 129 437 1524 498; baseline -0.003 -11"><span class='ocrx_word' id='word_1_17' title='bbox 129 442 260 486; x_wconf 86' lang='lat' dir='ltr'>ficare</span> <span class='ocrx_word' id='word_1_18' title='bbox 299 441 452 487; x_wconf 86' lang='lat' dir='ltr'>voluit.</span> <span class='ocrx_word' id='word_1_19' title='bbox 500 438 702 484; x_wconf 79' lang='lat' dir='ltr'><strong>Ostendit</strong></span> <span class='ocrx_word' id='word_1_20' title='bbox 745 438 951 498; x_wconf 79' lang='lat' dir='ltr'><strong>deinceps</strong></span> <span class='ocrx_word' id='word_1_21' title='bbox 994 453 1118 497; x_wconf 86' lang='lat' dir='ltr'>posse</span> <span class='ocrx_word' id='word_1_22' title='bbox 1160 437 1327 482; x_wconf 87' lang='lat' dir='ltr'>homini</span> <span class='ocrx_word' id='word_1_23' title='bbox 1359 439 1524 483; x_wconf 76' lang='lat' dir='ltr'>eoelum</span> 
     </span>
     <span class='ocr_line' id='line_1_4' title="bbox 131 509 1523 573; baseline -0.002 -15"><span class='ocrx_word' id='word_1_24' title='bbox 131 523 300 573; x_wconf 81' lang='lat' dir='ltr'>patere,</span> <span class='ocrx_word' id='word_1_25' title='bbox 325 527 427 557; x_wconf 90' lang='lat' dir='ltr'>cum</span> <span class='ocrx_word' id='word_1_26' title='bbox 447 511 494 555; x_wconf 91' lang='lat' dir='ltr'>in</span> <span class='ocrx_word' id='word_1_27' title='bbox 510 510 583 555; x_wconf 86' lang='lat' dir='ltr'>illa</span> <span class='ocrx_word' id='word_1_28' title='bbox 604 509 783 554; x_wconf 87' lang='lat' dir='ltr'>sublimi</span> <span class='ocrx_word' id='word_1_29' title='bbox 805 509 905 555; x_wconf 91' lang='lat' dir='ltr'>sede</span> <span class='ocrx_word' id='word_1_30' title='bbox 932 509 1099 569; x_wconf 82' lang='lat' dir='ltr'>primus</span> <span class='ocrx_word' id='word_1_31' title='bbox 1120 509 1356 569; x_wconf 68' lang='lat' dir='ltr'>imposuit,</span> <span class='ocrx_word' id='word_1_32' title='bbox 1380 511 1523 556; x_wconf 90' lang='lat' dir='ltr'>hono-</span> 
     </span>
     <span class='ocr_line' id='line_1_5' title="bbox 132 580 1526 644; baseline -0.001 -16"><span class='ocrx_word' id='word_1_33' title='bbox 132 584 242 628; x_wconf 83' lang='lat' dir='ltr'>ravit</span> <span class='ocrx_word' id='word_1_34' title='bbox 261 584 358 644; x_wconf 90' lang='lat' dir='ltr'>pius</span> <span class='ocrx_word' id='word_1_35' title='bbox 386 582 597 628; x_wconf 89' lang='lat' dir='ltr'>Dominus</span> <span class='ocrx_word' id='word_1_36' title='bbox 627 580 783 626; x_wconf 80' lang='lat' dir='ltr'>limum</span> <span class='ocrx_word' id='word_1_37' title='bbox 814 590 1038 636; x_wconf 85' lang='lat' dir='ltr'>nostrum,</span> <span class='ocrx_word' id='word_1_38' title='bbox 1064 589 1107 624; x_wconf 86' lang='lat' dir='ltr'>et</span> <span class='ocrx_word' id='word_1_39' title='bbox 1140 589 1300 624; x_wconf 89' lang='lat' dir='ltr'>terram</span> <span class='ocrx_word' id='word_1_40' title='bbox 1332 591 1526 627; x_wconf 85' lang='lat' dir='ltr'>nostram</span> 
     </span>
     <span class='ocr_line' id='line_1_6' title="bbox 128 651 1524 713; baseline 0 -14"><span class='ocrx_word' id='word_1_41' title='bbox 128 655 176 699; x_wconf 91' lang='lat' dir='ltr'>in</span> <span class='ocrx_word' id='word_1_42' title='bbox 191 654 357 699; x_wconf 84' lang='lat' dir='ltr'>eoelum</span> <span class='ocrx_word' id='word_1_43' title='bbox 378 669 507 699; x_wconf 90' lang='lat' dir='ltr'>suum</span> <span class='ocrx_word' id='word_1_44' title='bbox 528 652 717 699; x_wconf 88' lang='lat' dir='ltr'>vocavit.</span> <span class='ocrx_word' id='word_1_45' title='bbox 739 653 1035 711; x_wconf 80' lang='lat' dir='ltr'>Quadraginta</span> <span class='ocrx_word' id='word_1_46' title='bbox 1056 652 1188 711; x_wconf 89' lang='lat' dir='ltr'>igitur</span> <span class='ocrx_word' id='word_1_47' title='bbox 1208 651 1297 697; x_wconf 82' lang='lat' dir='ltr'>dies</span> <span class='ocrx_word' id='word_1_48' title='bbox 1322 652 1524 713; x_wconf 87' lang='lat' dir='ltr'>primitus</span> 
     </span>
     <span class='ocr_line' id='line_1_7' title="bbox 126 723 1528 786; baseline 0 -16"><span class='ocrx_word' id='word_1_49' title='bbox 126 724 442 786; x_wconf 82' lang='lat' dir='ltr'>jejunavimus,</span> <span class='ocrx_word' id='word_1_50' title='bbox 466 723 756 786; x_wconf 85' lang='lat' dir='ltr'>quadraginta</span> <span class='ocrx_word' id='word_1_51' title='bbox 782 732 886 768; x_wconf 91' lang='lat' dir='ltr'>sunt</span> <span class='ocrx_word' id='word_1_52' title='bbox 906 723 1205 784; x_wconf 78' lang='lat' dir='ltr'>insequentes,</span> <span class='ocrx_word' id='word_1_53' title='bbox 1241 739 1351 785; x_wconf 83' lang='lat' dir='ltr'>quos</span> <span class='ocrx_word' id='word_1_54' title='bbox 1388 725 1528 770; x_wconf 80' lang='lat' dir='ltr'>refec-</span> 
     </span>
     <span class='ocr_line' id='line_1_8' title="bbox 133 795 703 857; baseline -0.004 -15"><span class='ocrx_word' id='word_1_55' title='bbox 133 796 244 843; x_wconf 88' lang='lat' dir='ltr'>tioni</span> <span class='ocrx_word' id='word_1_56' title='bbox 264 813 406 857; x_wconf 83' lang='lat' dir='ltr'>nuper</span> <span class='ocrx_word' id='word_1_57' title='bbox 425 795 703 841; x_wconf 79' lang='lat' dir='ltr'>indulsimus.</span> 
     </span>
    </p>

    <p class='ocr_par' dir='ltr' id='par_1_3' title="bbox 133 866 1551 2505">
     <span class='ocr_line' id='line_1_9' title="bbox 195 866 1528 930; baseline 0.001 -17"><span class='ocrx_word' id='word_1_58' title='bbox 195 870 279 913; x_wconf 91' lang='lat' dir='ltr'>III.</span> <span class='ocrx_word' id='word_1_59' title='bbox 303 868 390 914; x_wconf 89' lang='lat' dir='ltr'>Sed</span> <span class='ocrx_word' id='word_1_60' title='bbox 402 868 723 930; x_wconf 87' lang='lat' dir='ltr'>sicutsequitur</span> <span class='ocrx_word' id='word_1_61' title='bbox 741 867 787 912; x_wconf 91' lang='lat' dir='ltr'>in</span> <span class='ocrx_word' id='word_1_62' title='bbox 801 866 979 912; x_wconf 77' lang='lat' dir='ltr'>illorum</span> <span class='ocrx_word' id='word_1_63' title='bbox 999 867 1086 911; x_wconf 90' lang='lat' dir='ltr'>fine</span> <span class='ocrx_word' id='word_1_64' title='bbox 1104 867 1281 912; x_wconf 83' lang='lat' dir='ltr'>Paschae</span> <span class='ocrx_word' id='word_1_65' title='bbox 1300 867 1528 926; x_wconf 78' lang='lat' dir='ltr'>festivitas,</span> 
     </span>
     <span class='ocr_line' id='line_1_10' title="bbox 133 939 1527 1002; baseline 0.001 -17"><span class='ocrx_word' id='word_1_66' title='bbox 133 939 195 986; x_wconf 85' lang='lat' dir='ltr'>ita</span> <span class='ocrx_word' id='word_1_67' title='bbox 211 940 409 1002; x_wconf 87' lang='lat' dir='ltr'>sequitur</span> <span class='ocrx_word' id='word_1_68' title='bbox 430 949 474 985; x_wconf 90' lang='lat' dir='ltr'>et</span> <span class='ocrx_word' id='word_1_69' title='bbox 494 940 541 985; x_wconf 92' lang='lat' dir='ltr'>in</span> <span class='ocrx_word' id='word_1_70' title='bbox 558 941 719 985; x_wconf 91' lang='lat' dir='ltr'>horum</span> <span class='ocrx_word' id='word_1_71' title='bbox 741 940 1124 986; x_wconf 87' lang='lat' dir='ltr'>consummatione</span> <span class='ocrx_word' id='word_1_72' title='bbox 1146 939 1225 983; x_wconf 91' lang='lat' dir='ltr'>ista</span> <span class='ocrx_word' id='word_1_73' title='bbox 1253 939 1527 998; x_wconf 79' lang='lat' dir='ltr'>solemnitas,</span> 
     </span>
     <span class='ocr_line' id='line_1_11' title="bbox 136 1010 1532 1073; baseline 0.001 -17"><span class='ocrx_word' id='word_1_74' title='bbox 136 1026 293 1071; x_wconf 83' lang='lat' dir='ltr'>magna</span> <span class='ocrx_word' id='word_1_75' title='bbox 330 1011 484 1072; x_wconf 90' lang='lat' dir='ltr'>plane,</span> <span class='ocrx_word' id='word_1_76' title='bbox 523 1028 573 1057; x_wconf 89' lang='lat' dir='ltr'>ac</span> <span class='ocrx_word' id='word_1_77' title='bbox 606 1011 854 1073; x_wconf 80' lang='lat' dir='ltr'>praecipua,</span> <span class='ocrx_word' id='word_1_78' title='bbox 885 1026 972 1071; x_wconf 86' lang='lat' dir='ltr'>qua</span> <span class='ocrx_word' id='word_1_79' title='bbox 1008 1010 1220 1055; x_wconf 88' lang='lat' dir='ltr'>Dominus</span> <span class='ocrx_word' id='word_1_80' title='bbox 1258 1019 1302 1054; x_wconf 83' lang='lat' dir='ltr'>et</span> <span class='ocrx_word' id='word_1_81' title='bbox 1336 1010 1532 1057; x_wconf 79' lang='lat' dir='ltr'>Salvator</span> 
     </span>
     <span class='ocr_line' id='line_1_12' title="bbox 134 1081 1533 1137; baseline 0 -9"><span class='ocrx_word' id='word_1_82' title='bbox 134 1092 282 1128; x_wconf 83' lang='lat' dir='ltr'>noster</span> <span class='ocrx_word' id='word_1_83' title='bbox 303 1082 365 1127; x_wconf 86' lang='lat' dir='ltr'>ita</span> <span class='ocrx_word' id='word_1_84' title='bbox 393 1082 626 1127; x_wconf 88' lang='lat' dir='ltr'>nobiscum</span> <span class='ocrx_word' id='word_1_85' title='bbox 656 1097 747 1126; x_wconf 90' lang='lat' dir='ltr'>esse</span> <span class='ocrx_word' id='word_1_86' title='bbox 771 1081 919 1137; x_wconf 87' lang='lat' dir='ltr'>desiit,</span> <span class='ocrx_word' id='word_1_87' title='bbox 946 1090 996 1126; x_wconf 90' lang='lat' dir='ltr'>ut</span> <span class='ocrx_word' id='word_1_88' title='bbox 1017 1090 1165 1126; x_wconf 88' lang='lat' dir='ltr'>tamen</span> <span class='ocrx_word' id='word_1_89' title='bbox 1186 1081 1420 1126; x_wconf 88' lang='lat' dir='ltr'>nobiscum</span> <span class='ocrx_word' id='word_1_90' title='bbox 1443 1098 1533 1134; x_wconf 84' lang='lat' dir='ltr'>esse</span> 
     </span>
     <span class='ocr_line' id='line_1_13' title="bbox 137 1153 1534 1215; baseline -0.001 -14"><span class='ocrx_word' id='word_1_91' title='bbox 137 1171 228 1202; x_wconf 92' lang='lat' dir='ltr'>non</span> <span class='ocrx_word' id='word_1_92' title='bbox 257 1154 442 1200; x_wconf 89' lang='lat' dir='ltr'>desinat.</span> <span class='ocrx_word' id='word_1_93' title='bbox 473 1158 583 1202; x_wconf 90' lang='lat' dir='ltr'>Nam</span> <span class='ocrx_word' id='word_1_94' title='bbox 613 1156 726 1200; x_wconf 86' lang='lat' dir='ltr'>sicut</span> <span class='ocrx_word' id='word_1_95' title='bbox 746 1164 875 1211; x_wconf 85' lang='lat' dir='ltr'>tunc,</span> <span class='ocrx_word' id='word_1_96' title='bbox 901 1170 1003 1199; x_wconf 89' lang='lat' dir='ltr'>cum</span> <span class='ocrx_word' id='word_1_97' title='bbox 1032 1153 1151 1215; x_wconf 88' lang='lat' dir='ltr'>apud</span> <span class='ocrx_word' id='word_1_98' title='bbox 1177 1170 1256 1199; x_wconf 92' lang='lat' dir='ltr'>nos</span> <span class='ocrx_word' id='word_1_99' title='bbox 1277 1155 1323 1199; x_wconf 88' lang='lat' dir='ltr'>in</span> <span class='ocrx_word' id='word_1_100' title='bbox 1351 1170 1534 1215; x_wconf 88' lang='lat' dir='ltr'>corpore</span> 
     </span>
     <span class='ocr_line' id='line_1_14' title="bbox 139 1225 1537 1288; baseline -0.001 -16"><span class='ocrx_word' id='word_1_101' title='bbox 139 1243 230 1272; x_wconf 90' lang='lat' dir='ltr'>esse</span> <span class='ocrx_word' id='word_1_102' title='bbox 257 1226 463 1288; x_wconf 85' lang='lat' dir='ltr'>dignatus</span> <span class='ocrx_word' id='word_1_103' title='bbox 491 1236 576 1282; x_wconf 86' lang='lat' dir='ltr'>est,</span> <span class='ocrx_word' id='word_1_104' title='bbox 606 1243 698 1272; x_wconf 91' lang='lat' dir='ltr'>non</span> <span class='ocrx_word' id='word_1_105' title='bbox 731 1225 874 1271; x_wconf 85' lang='lat' dir='ltr'>defuit</span> <span class='ocrx_word' id='word_1_106' title='bbox 896 1226 1035 1282; x_wconf 85' lang='lat' dir='ltr'>Patri,</span> <span class='ocrx_word' id='word_1_107' title='bbox 1071 1226 1131 1270; x_wconf 88' lang='lat' dir='ltr'>ita</span> <span class='ocrx_word' id='word_1_108' title='bbox 1168 1241 1309 1281; x_wconf 88' lang='lat' dir='ltr'>nunc,</span> <span class='ocrx_word' id='word_1_109' title='bbox 1346 1243 1448 1271; x_wconf 89' lang='lat' dir='ltr'>cum</span> <span class='ocrx_word' id='word_1_110' title='bbox 1481 1226 1537 1271; x_wconf 89' lang='lat' dir='ltr'>ad</span> 
     </span>
     <span class='ocr_line' id='line_1_15' title="bbox 140 1297 1537 1358; baseline -0.001 -14"><span class='ocrx_word' id='word_1_111' title='bbox 140 1301 313 1344; x_wconf 88' lang='lat' dir='ltr'>Patrem</span> <span class='ocrx_word' id='word_1_112' title='bbox 349 1314 546 1344; x_wconf 87' lang='lat' dir='ltr'>reversus</span> <span class='ocrx_word' id='word_1_113' title='bbox 568 1307 653 1354; x_wconf 87' lang='lat' dir='ltr'>est,</span> <span class='ocrx_word' id='word_1_114' title='bbox 677 1314 768 1343; x_wconf 91' lang='lat' dir='ltr'>non</span> <span class='ocrx_word' id='word_1_115' title='bbox 790 1297 911 1342; x_wconf 87' lang='lat' dir='ltr'>deest</span> <span class='ocrx_word' id='word_1_116' title='bbox 944 1297 1086 1343; x_wconf 89' lang='lat' dir='ltr'>nobis.</span> <span class='ocrx_word' id='word_1_117' title='bbox 1122 1299 1222 1343; x_wconf 82' lang='lat' dir='ltr'>Non</span> <span class='ocrx_word' id='word_1_118' title='bbox 1243 1313 1345 1357; x_wconf 88' lang='lat' dir='ltr'>ergo</span> <span class='ocrx_word' id='word_1_119' title='bbox 1369 1298 1537 1358; x_wconf 86' lang='lat' dir='ltr'>abjecte</span> 
     </span>
     <span class='ocr_line' id='line_1_16' title="bbox 140 1368 1537 1432; baseline -0.001 -17"><span class='ocrx_word' id='word_1_120' title='bbox 140 1386 220 1415; x_wconf 92' lang='lat' dir='ltr'>nos</span> <span class='ocrx_word' id='word_1_121' title='bbox 242 1380 454 1432; x_wconf 86' lang='lat' dir='ltr'>tanquam</span> <span class='ocrx_word' id='word_1_122' title='bbox 478 1368 641 1414; x_wconf 91' lang='lat' dir='ltr'>alienos</span> <span class='ocrx_word' id='word_1_123' title='bbox 666 1368 881 1425; x_wconf 86' lang='lat' dir='ltr'>deseruit,</span> <span class='ocrx_word' id='word_1_124' title='bbox 909 1368 986 1414; x_wconf 87' lang='lat' dir='ltr'>sed</span> <span class='ocrx_word' id='word_1_125' title='bbox 1013 1368 1242 1413; x_wconf 87' lang='lat' dir='ltr'>nobiscum</span> <span class='ocrx_word' id='word_1_126' title='bbox 1272 1378 1336 1413; x_wconf 89' lang='lat' dir='ltr'>est</span> <span class='ocrx_word' id='word_1_127' title='bbox 1365 1379 1409 1414; x_wconf 87' lang='lat' dir='ltr'>et</span> <span class='ocrx_word' id='word_1_128' title='bbox 1431 1386 1537 1414; x_wconf 91' lang='lat' dir='ltr'>con-</span> 
     </span>
     <span class='ocr_line' id='line_1_17' title="bbox 141 1440 1539 1501; baseline -0.001 -14"><span class='ocrx_word' id='word_1_129' title='bbox 141 1451 338 1487; x_wconf 86' lang='lat' dir='ltr'>versatur</span> <span class='ocrx_word' id='word_1_130' title='bbox 359 1441 620 1499; x_wconf 73' lang='lat' dir='ltr'>nobiscum,</span> <span class='ocrx_word' id='word_1_131' title='bbox 644 1440 734 1501; x_wconf 90' lang='lat' dir='ltr'>ipse</span> <span class='ocrx_word' id='word_1_132' title='bbox 758 1440 875 1485; x_wconf 90' lang='lat' dir='ltr'>enim</span> <span class='ocrx_word' id='word_1_133' title='bbox 910 1440 1045 1485; x_wconf 73' lang='lat' dir='ltr'>dixit:</span> <span class='ocrx_word' id='word_1_134' title='bbox 1076 1460 1096 1482; x_wconf 86' lang='lat'>«</span> <span class='ocrx_word' id='word_1_135' title='bbox 1120 1443 1219 1487; x_wconf 78' lang='lat' dir='ltr'>Non</span> <span class='ocrx_word' id='word_1_136' title='bbox 1241 1441 1445 1485; x_wconf 84' lang='lat' dir='ltr'>turbetur</span> <span class='ocrx_word' id='word_1_137' title='bbox 1465 1457 1539 1486; x_wconf 93' lang='lat' dir='ltr'>cor</span> 
     </span>
     <span class='ocr_line' id='line_1_18' title="bbox 145 1511 1539 1574; baseline 0.001 -18"><span class='ocrx_word' id='word_1_138' title='bbox 145 1531 167 1556; x_wconf 87' lang='lat'>»</span> <span class='ocrx_word' id='word_1_139' title='bbox 200 1523 417 1570; x_wconf 90' lang='lat' dir='ltr'>vestrum,</span> <span class='ocrx_word' id='word_1_140' title='bbox 444 1528 590 1574; x_wconf 85' lang='lat' dir='ltr'>neque</span> <span class='ocrx_word' id='word_1_141' title='bbox 610 1511 916 1571; x_wconf 54' lang='lat' dir='ltr'>formidetffl).</span> <span class='ocrx_word' id='word_1_142' title='bbox 945 1530 966 1554; x_wconf 83' lang='lat'>&gt;›</span> <span class='ocrx_word' id='word_1_143' title='bbox 987 1514 1045 1557; x_wconf 92' lang='lat' dir='ltr'>Et</span> <span class='ocrx_word' id='word_1_144' title='bbox 1063 1511 1196 1572; x_wconf 86' lang='lat' dir='ltr'>paulo</span> <span class='ocrx_word' id='word_1_145' title='bbox 1217 1521 1340 1573; x_wconf 84' lang='lat' dir='ltr'>post:</span> <span class='ocrx_word' id='word_1_146' title='bbox 1370 1532 1390 1557; x_wconf 58' lang='grc' dir='ltr'>(ς</span> <span class='ocrx_word' id='word_1_147' title='bbox 1415 1512 1539 1558; x_wconf 85' lang='lat' dir='ltr'>Vado</span> 
     </span>
     <span class='ocr_line' id='line_1_19' title="bbox 146 1582 1542 1645; baseline 0.001 -17"><span class='ocrx_word' id='word_1_148' title='bbox 146 1603 168 1628; x_wconf 72' lang='lat' dir='ltr'>n</span> <span class='ocrx_word' id='word_1_149' title='bbox 203 1596 247 1631; x_wconf 89' lang='lat' dir='ltr'>et</span> <span class='ocrx_word' id='word_1_150' title='bbox 274 1586 406 1632; x_wconf 83' lang='lat' dir='ltr'>venio</span> <span class='ocrx_word' id='word_1_151' title='bbox 439 1585 495 1630; x_wconf 89' lang='lat' dir='ltr'>ad</span> <span class='ocrx_word' id='word_1_152' title='bbox 524 1601 601 1631; x_wconf 85' lang='lat' dir='ltr'>vos</span> <span class='ocrx_word' id='word_1_153' title='bbox 614 1582 696 1644; x_wconf 80' lang='lat' dir='ltr'><em>(b).</em></span> <span class='ocrx_word' id='word_1_154' title='bbox 722 1603 742 1626; x_wconf 92' lang='lat'>»</span> <span class='ocrx_word' id='word_1_155' title='bbox 770 1588 822 1630; x_wconf 91' lang='lat' dir='ltr'>In</span> <span class='ocrx_word' id='word_1_156' title='bbox 844 1584 990 1629; x_wconf 83' lang='lat' dir='ltr'>medio</span> <span class='ocrx_word' id='word_1_157' title='bbox 1021 1585 1157 1629; x_wconf 88' lang='lat' dir='ltr'>nostri</span> <span class='ocrx_word' id='word_1_158' title='bbox 1185 1594 1263 1629; x_wconf 90' lang='lat' dir='ltr'>est.</span> <span class='ocrx_word' id='word_1_159' title='bbox 1303 1588 1399 1645; x_wconf 91' lang='lat' dir='ltr'>Ipse</span> <span class='ocrx_word' id='word_1_160' title='bbox 1421 1601 1542 1630; x_wconf 93' lang='lat' dir='ltr'>nunc</span> 
     </span>
     <span class='ocr_line' id='line_1_20' title="bbox 140 1655 1540 1718; baseline -0.001 -15"><span class='ocrx_word' id='word_1_161' title='bbox 140 1657 432 1703; x_wconf 83' lang='lat' dir='ltr'>moerentibus</span> <span class='ocrx_word' id='word_1_162' title='bbox 453 1660 471 1685; x_wconf 71' lang='lat'><strong>2</strong></span> <span class='ocrx_word' id='word_1_163' title='bbox 523 1656 794 1713; x_wconf 86' lang='lat' dir='ltr'>consolator,</span> <span class='ocrx_word' id='word_1_164' title='bbox 830 1656 1134 1701; x_wconf 84' lang='lat' dir='ltr'>laborantibus</span> <span class='ocrx_word' id='word_1_165' title='bbox 1183 1655 1376 1712; x_wconf 82' lang='lat' dir='ltr'>auditor,</span> <span class='ocrx_word' id='word_1_166' title='bbox 1421 1657 1540 1718; x_wconf 88' lang='lat' dir='ltr'>peri-</span> 
     </span>
     <span class='ocr_line' id='line_1_21' title="bbox 146 1728 1538 1789; baseline -0.001 -13"><span class='ocrx_word' id='word_1_167' title='bbox 146 1729 400 1777; x_wconf 89' lang='lat' dir='ltr'>clitantibus</span> <span class='ocrx_word' id='word_1_168' title='bbox 432 1728 661 1775; x_wconf 81' lang='lat' dir='ltr'>auxiliator</span> <span class='ocrx_word' id='word_1_169' title='bbox 687 1728 823 1774; x_wconf 89' lang='lat' dir='ltr'>adest.</span> <span class='ocrx_word' id='word_1_170' title='bbox 850 1732 947 1789; x_wconf 88' lang='lat' dir='ltr'>Ipse</span> <span class='ocrx_word' id='word_1_171' title='bbox 969 1744 1090 1774; x_wconf 91' lang='lat' dir='ltr'>nunc</span> <span class='ocrx_word' id='word_1_172' title='bbox 1124 1728 1288 1773; x_wconf 88' lang='lat' dir='ltr'>miseris</span> <span class='ocrx_word' id='word_1_173' title='bbox 1317 1728 1538 1786; x_wconf 82' lang='lat' dir='ltr'>levamen,</span> 
     </span>
     <span class='ocr_line' id='line_1_22' title="bbox 146 1800 1542 1864; baseline 0 -17"><span class='ocrx_word' id='word_1_174' title='bbox 146 1803 237 1864; x_wconf 90' lang='lat' dir='ltr'>ipse</span> <span class='ocrx_word' id='word_1_175' title='bbox 259 1801 434 1848; x_wconf 84' lang='lat' dir='ltr'>afflictis</span> <span class='ocrx_word' id='word_1_176' title='bbox 456 1817 585 1863; x_wconf 86' lang='lat' dir='ltr'>opem</span> <span class='ocrx_word' id='word_1_177' title='bbox 607 1801 812 1862; x_wconf 84' lang='lat' dir='ltr'>suggerit.</span> <span class='ocrx_word' id='word_1_178' title='bbox 853 1800 1113 1857; x_wconf 83' lang='lat' dir='ltr'>Nobiscum,</span> <span class='ocrx_word' id='word_1_179' title='bbox 1144 1801 1348 1863; x_wconf 84' lang='lat' dir='ltr'>inquam,</span> <span class='ocrx_word' id='word_1_180' title='bbox 1389 1801 1542 1847; x_wconf 87' lang='lat' dir='ltr'>nobis-</span> 
     </span>
     <span class='ocr_line' id='line_1_23' title="bbox 148 1872 1543 1933; baseline -0.001 -13"><span class='ocrx_word' id='word_1_181' title='bbox 148 1889 250 1920; x_wconf 92' lang='lat' dir='ltr'>cum</span> <span class='ocrx_word' id='word_1_182' title='bbox 267 1883 354 1933; x_wconf 78' lang='lat' dir='ltr'>est3</span> <span class='ocrx_word' id='word_1_183' title='bbox 378 1890 459 1920; x_wconf 90' lang='lat' dir='ltr'>nec</span> <span class='ocrx_word' id='word_1_184' title='bbox 482 1872 624 1919; x_wconf 92' lang='lat' dir='ltr'>solum</span> <span class='ocrx_word' id='word_1_185' title='bbox 645 1872 869 1917; x_wconf 84' lang='lat' dir='ltr'>laboribus</span> <span class='ocrx_word' id='word_1_186' title='bbox 892 1872 1069 1927; x_wconf 87' lang='lat' dir='ltr'>nostris,</span> <span class='ocrx_word' id='word_1_187' title='bbox 1093 1872 1170 1916; x_wconf 88' lang='lat' dir='ltr'>sed</span> <span class='ocrx_word' id='word_1_188' title='bbox 1191 1881 1236 1916; x_wconf 90' lang='lat' dir='ltr'>et</span> <span class='ocrx_word' id='word_1_189' title='bbox 1269 1873 1543 1918; x_wconf 88' lang='lat' dir='ltr'>sermonibus</span> 
     </span>
     <span class='ocr_line' id='line_1_24' title="bbox 149 1942 1547 2004; baseline 0 -14"><span class='ocrx_word' id='word_1_190' title='bbox 149 1954 194 1990; x_wconf 87' lang='lat' dir='ltr'>et</span> <span class='ocrx_word' id='word_1_191' title='bbox 214 1945 556 2004; x_wconf 88' lang='lat' dir='ltr'>cogitationibus</span> <span class='ocrx_word' id='word_1_192' title='bbox 577 1944 772 1989; x_wconf 88' lang='lat' dir='ltr'>interest.</span> <span class='ocrx_word' id='word_1_193' title='bbox 819 1943 1020 1988; x_wconf 87' lang='lat' dir='ltr'>Rimatur</span> <span class='ocrx_word' id='word_1_194' title='bbox 1042 1952 1174 2003; x_wconf 83' lang='lat' dir='ltr'>atque</span> <span class='ocrx_word' id='word_1_195' title='bbox 1204 1942 1448 2003; x_wconf 88' lang='lat' dir='ltr'>introspicit</span> <span class='ocrx_word' id='word_1_196' title='bbox 1469 1960 1547 1990; x_wconf 89' lang='lat' dir='ltr'>cor</span> 
     </span>
     <span class='ocr_line' id='line_1_25' title="bbox 150 2012 1545 2076; baseline -0.001 -15"><span class='ocrx_word' id='word_1_197' title='bbox 150 2026 365 2061; x_wconf 91' lang='lat' dir='ltr'>nostrum.</span> <span class='ocrx_word' id='word_1_198' title='bbox 392 2015 525 2061; x_wconf 90' lang='lat' dir='ltr'>Videt</span> <span class='ocrx_word' id='word_1_199' title='bbox 558 2014 668 2076; x_wconf 87' lang='lat' dir='ltr'>quid</span> <span class='ocrx_word' id='word_1_200' title='bbox 700 2030 855 2059; x_wconf 89' lang='lat' dir='ltr'>manus</span> <span class='ocrx_word' id='word_1_201' title='bbox 877 2023 1046 2069; x_wconf 88' lang='lat' dir='ltr'>nostra,</span> <span class='ocrx_word' id='word_1_202' title='bbox 1084 2012 1194 2074; x_wconf 88' lang='lat' dir='ltr'>quid</span> <span class='ocrx_word' id='word_1_203' title='bbox 1224 2012 1396 2073; x_wconf 86' lang='lat' dir='ltr'>lingua,</span> <span class='ocrx_word' id='word_1_204' title='bbox 1435 2015 1545 2075; x_wconf 88' lang='lat' dir='ltr'>quid</span> 
     </span>
     <span class='ocr_line' id='line_1_26' title="bbox 150 2084 1548 2149; baseline -0.001 -15"><span class='ocrx_word' id='word_1_205' title='bbox 150 2103 300 2134; x_wconf 88' lang='lat' dir='ltr'>sensus</span> <span class='ocrx_word' id='word_1_206' title='bbox 323 2087 549 2149; x_wconf 85' lang='lat' dir='ltr'>parturiat.</span> <span class='ocrx_word' id='word_1_207' title='bbox 571 2089 670 2142; x_wconf 89' lang='lat' dir='ltr'>Quo</span> <span class='ocrx_word' id='word_1_208' title='bbox 689 2087 824 2146; x_wconf 87' lang='lat' dir='ltr'>magis</span> <span class='ocrx_word' id='word_1_209' title='bbox 845 2085 973 2131; x_wconf 88' lang='lat' dir='ltr'>nobis</span> <span class='ocrx_word' id='word_1_210' title='bbox 995 2084 1200 2141; x_wconf 90' lang='lat' dir='ltr'>sollicite,</span> <span class='ocrx_word' id='word_1_211' title='bbox 1224 2085 1316 2145; x_wconf 88' lang='lat' dir='ltr'>pie,</span> <span class='ocrx_word' id='word_1_212' title='bbox 1342 2095 1548 2148; x_wconf 85' lang='lat' dir='ltr'>casteque</span> 
     </span>
     <span class='ocr_line' id='line_1_27' title="bbox 150 2155 1547 2220; baseline -0.001 -14"><span class='ocrx_word' id='word_1_213' title='bbox 150 2159 391 2206; x_wconf 87' lang='lat' dir='ltr'>vivendum</span> <span class='ocrx_word' id='word_1_214' title='bbox 413 2169 499 2217; x_wconf 89' lang='lat' dir='ltr'>est,</span> <span class='ocrx_word' id='word_1_215' title='bbox 524 2175 626 2205; x_wconf 89' lang='lat' dir='ltr'>cum</span> <span class='ocrx_word' id='word_1_216' title='bbox 657 2174 834 2218; x_wconf 86' lang='lat' dir='ltr'>agamus</span> <span class='ocrx_word' id='word_1_217' title='bbox 855 2158 1009 2220; x_wconf 83' lang='lat' dir='ltr'>utique</span> <span class='ocrx_word' id='word_1_218' title='bbox 1039 2157 1121 2202; x_wconf 91' lang='lat' dir='ltr'>sub</span> <span class='ocrx_word' id='word_1_219' title='bbox 1139 2155 1276 2202; x_wconf 85' lang='lat' dir='ltr'>oculis</span> <span class='ocrx_word' id='word_1_220' title='bbox 1299 2158 1418 2218; x_wconf 68' lang='lat' dir='ltr'>ejus}J</span> <span class='ocrx_word' id='word_1_221' title='bbox 1439 2159 1547 2204; x_wconf 92' lang='lat' dir='ltr'>Dico</span> 
     </span>
     <span class='ocr_line' id='line_1_28' title="bbox 152 2229 1549 2293; baseline -0.001 -16"><span class='ocrx_word' id='word_1_222' title='bbox 152 2232 286 2289; x_wconf 92' lang='lat' dir='ltr'>enim,</span> <span class='ocrx_word' id='word_1_223' title='bbox 307 2234 498 2289; x_wconf 87' lang='lat' dir='ltr'>Fratres,</span> <span class='ocrx_word' id='word_1_224' title='bbox 524 2231 646 2293; x_wconf 89' lang='lat' dir='ltr'>quod</span> <span class='ocrx_word' id='word_1_225' title='bbox 661 2229 785 2277; x_wconf 88' lang='lat' dir='ltr'>vobis</span> <span class='ocrx_word' id='word_1_226' title='bbox 808 2245 986 2292; x_wconf 84' lang='lat' dir='ltr'>quoque</span> <span class='ocrx_word' id='word_1_227' title='bbox 1013 2230 1128 2275; x_wconf 90' lang='lat' dir='ltr'>bene</span> <span class='ocrx_word' id='word_1_228' title='bbox 1146 2238 1303 2274; x_wconf 87' lang='lat' dir='ltr'>notum</span> <span class='ocrx_word' id='word_1_229' title='bbox 1320 2239 1399 2274; x_wconf 87' lang='lat' dir='ltr'>est.</span> <span class='ocrx_word' id='word_1_230' title='bbox 1428 2232 1549 2277; x_wconf 68' lang='lat' dir='ltr'>Sewi</span> 
     </span>
     <span class='ocr_line' id='line_1_29' title="bbox 154 2299 1548 2363; baseline -0.001 -15"><span class='ocrx_word' id='word_1_231' title='bbox 154 2303 272 2348; x_wconf 90' lang='lat' dir='ltr'>enim</span> <span class='ocrx_word' id='word_1_232' title='bbox 313 2302 673 2363; x_wconf 84' lang='lat' dir='ltr'>negligentiores,</span> <span class='ocrx_word' id='word_1_233' title='bbox 707 2318 810 2347; x_wconf 89' lang='lat' dir='ltr'>cum</span> <span class='ocrx_word' id='word_1_234' title='bbox 833 2311 932 2347; x_wconf 88' lang='lat' dir='ltr'>ante</span> <span class='ocrx_word' id='word_1_235' title='bbox 955 2300 1107 2346; x_wconf 90' lang='lat' dir='ltr'>oculos</span> <span class='ocrx_word' id='word_1_236' title='bbox 1142 2299 1382 2346; x_wconf 88' lang='lat' dir='ltr'>carnalium</span> <span class='ocrx_word' id='word_1_237' title='bbox 1404 2300 1548 2347; x_wconf 80' lang='lat' dir='ltr'>donii-</span> 
     </span>
     <span class='ocr_line' id='line_1_30' title="bbox 155 2371 1549 2434; baseline -0.001 -15"><span class='ocrx_word' id='word_1_238' title='bbox 155 2389 315 2419; x_wconf 90' lang='lat' dir='ltr'>norum</span> <span class='ocrx_word' id='word_1_239' title='bbox 345 2382 468 2430; x_wconf 85' lang='lat' dir='ltr'>sunt,</span> <span class='ocrx_word' id='word_1_240' title='bbox 503 2382 731 2429; x_wconf 85' lang='lat' dir='ltr'>verentur,</span> <span class='ocrx_word' id='word_1_241' title='bbox 756 2382 939 2434; x_wconf 86' lang='lat' dir='ltr'>pavent,</span> <span class='ocrx_word' id='word_1_242' title='bbox 965 2382 1008 2417; x_wconf 89' lang='lat' dir='ltr'>et</span> <span class='ocrx_word' id='word_1_243' title='bbox 1044 2371 1404 2416; x_wconf 87' lang='lat' dir='ltr'>contremiscunt.</span> <span class='ocrx_word' id='word_1_244' title='bbox 1431 2373 1549 2419; x_wconf 90' lang='lat' dir='ltr'>Nihil</span> 
     </span>
     <span class='ocr_line' id='line_1_31' title="bbox 157 2443 1551 2505; baseline -0.001 -15"><span class='ocrx_word' id='word_1_245' title='bbox 157 2443 388 2491; x_wconf 86' lang='lat' dir='ltr'>admittere</span> <span class='ocrx_word' id='word_1_246' title='bbox 418 2444 584 2490; x_wconf 87' lang='lat' dir='ltr'>audent</span> <span class='ocrx_word' id='word_1_247' title='bbox 614 2444 784 2501; x_wconf 87' lang='lat' dir='ltr'>delicti,</span> <span class='ocrx_word' id='word_1_248' title='bbox 810 2444 892 2490; x_wconf 90' lang='lat' dir='ltr'>nisi</span> <span class='ocrx_word' id='word_1_249' title='bbox 913 2443 1026 2490; x_wconf 85' lang='lat' dir='ltr'>forte</span> <span class='ocrx_word' id='word_1_250' title='bbox 1049 2459 1151 2489; x_wconf 90' lang='lat' dir='ltr'>cum</span> <span class='ocrx_word' id='word_1_251' title='bbox 1167 2444 1257 2505; x_wconf 89' lang='lat' dir='ltr'>jam</span> <span class='ocrx_word' id='word_1_252' title='bbox 1276 2453 1466 2489; x_wconf 86' lang='lat' dir='ltr'>remotos</span> <span class='ocrx_word' id='word_1_253' title='bbox 1485 2443 1551 2489; x_wconf 89' lang='lat' dir='ltr'>la-</span> 
     </span>
    </p>
   </div>
   <div class='ocr_carea' id='block_1_3' title="bbox 204 2555 812 2600">
    <p class='ocr_par' dir='ltr' id='par_1_4' title="bbox 204 2555 812 2600">
     <span class='ocr_line' id='line_1_32' title="bbox 204 2555 812 2600; baseline 0.002 -12"><span class='ocrx_word' id='word_1_254' title='bbox 204 2555 248 2598; x_wconf 82' lang='lat' dir='ltr'>(u)</span> <span class='ocrx_word' id='word_1_255' title='bbox 265 2558 358 2590; x_wconf 84' lang='lat' dir='ltr'>Joan.</span> <span class='ocrx_word' id='word_1_256' title='bbox 379 2568 447 2600; x_wconf 73' lang='lat' dir='ltr'>mv,</span> <span class='ocrx_word' id='word_1_257' title='bbox 476 2568 505 2589; x_wconf 91' lang='lat'>1.</span> <span class='ocrx_word' id='word_1_258' title='bbox 526 2574 568 2580; x_wconf 85' lang='lat'><em>-</em></span> <span class='ocrx_word' id='word_1_259' title='bbox 593 2556 636 2597; x_wconf 80' lang='lat' dir='ltr'>(h)</span> <span class='ocrx_word' id='word_1_260' title='bbox 654 2557 736 2590; x_wconf 89' lang='lat' dir='ltr'>lbid.</span> <span class='ocrx_word' id='word_1_261' title='bbox 757 2556 812 2589; x_wconf 81' lang='lat'>28.</span> 
     </span>
    </p>
   </div>
   <div class='ocr_carea' id='block_1_4' title="bbox 162 2622 1549 2727">
    <p class='ocr_par' dir='ltr' id='par_1_5' title="bbox 162 2622 1549 2727">
     <span class='ocr_line' id='line_1_33' title="bbox 208 2622 1549 2667; baseline -0.001 -10"><span class='ocrx_word' id='word_1_262' title='bbox 208 2629 218 2646; x_wconf 82' lang='lat'>¹</span> <span class='ocrx_word' id='word_1_263' title='bbox 230 2623 340 2657; x_wconf 80' lang='lat' dir='ltr'>Codex</span> <span class='ocrx_word' id='word_1_264' title='bbox 356 2622 438 2657; x_wconf 87' lang='lat' dir='ltr'>male</span> <span class='ocrx_word' id='word_1_265' title='bbox 452 2631 663 2667; x_wconf 76' lang='lat' dir='ltr'>conlemptus</span> <span class='ocrx_word' id='word_1_266' title='bbox 680 2631 753 2663; x_wconf 79' lang='lat' dir='ltr'>est;</span> <span class='ocrx_word' id='word_1_267' title='bbox 774 2635 836 2656; x_wconf 89' lang='lat' dir='ltr'>non</span> <span class='ocrx_word' id='word_1_268' title='bbox 850 2623 966 2665; x_wconf 75' lang='lat' dir='ltr'>legitur</span> <span class='ocrx_word' id='word_1_269' title='bbox 987 2623 1114 2662; x_wconf 71' lang='lat' dir='ltr'>2·0lm&#39;t,-</span> <span class='ocrx_word' id='word_1_270' title='bbox 1130 2623 1184 2655; x_wconf 76' lang='lat' dir='ltr'>sed</span> <span class='ocrx_word' id='word_1_271' title='bbox 1199 2622 1259 2655; x_wconf 87' lang='lat' dir='ltr'>hoc</span> <span class='ocrx_word' id='word_1_272' title='bbox 1279 2627 1335 2655; x_wconf 73' lang='lat' dir='ltr'>unt</span> <span class='ocrx_word' id='word_1_273' title='bbox 1349 2623 1431 2655; x_wconf 74' lang='lat' dir='ltr'>aliud</span> <span class='ocrx_word' id='word_1_274' title='bbox 1451 2624 1549 2656; x_wconf 65' lang='lat' dir='ltr'>simile</span> 
     </span>
     <span class='ocr_line' id='line_1_34' title="bbox 162 2678 1396 2727; baseline -0.002 -14"><span class='ocrx_word' id='word_1_275' title='bbox 162 2678 298 2714; x_wconf 77' lang='lat' dir='ltr'>verbum</span> <span class='ocrx_word' id='word_1_276' title='bbox 315 2690 424 2713; x_wconf 80' lang='lat' dir='ltr'>sensus</span> <span class='ocrx_word' id='word_1_277' title='bbox 437 2680 580 2724; x_wconf 78' lang='lat' dir='ltr'>requirit.</span> <span class='ocrx_word' id='word_1_278' title='bbox 602 2697 642 2704; x_wconf 86' lang='lat'>--</span> <span class='ocrx_word' id='word_1_279' title='bbox 671 2687 683 2703; x_wconf 82' lang='lat'>²</span> <span class='ocrx_word' id='word_1_280' title='bbox 694 2680 802 2713; x_wconf 83' lang='lat' dir='ltr'>Codex</span> <span class='ocrx_word' id='word_1_281' title='bbox 820 2690 892 2712; x_wconf 87' lang='lat' dir='ltr'>cum</span> <span class='ocrx_word' id='word_1_282' title='bbox 908 2690 1016 2712; x_wconf 75' lang='lat' dir='ltr'>crroic</span> <span class='ocrx_word' id='word_1_283' title='bbox 1035 2679 1176 2711; x_wconf 65' lang='lat' dir='ltr'>evidenti</span> <span class='ocrx_word' id='word_1_284' title='bbox 1193 2681 1396 2727; x_wconf 68' lang='lat' dir='ltr'>majestatis.</span> 
     </span>
    </p>
   </div>
   <div class='ocr_carea' id='block_1_5' title="bbox 1282 2735 1340 2771">
    <p class='ocr_par' dir='ltr' id='par_1_6' title="bbox 1282 2735 1340 2771">
     <span class='ocr_line' id='line_1_35' title="bbox 1282 2735 1340 2771; baseline -0.034 0"><span class='ocrx_word' id='word_1_285' title='bbox 1282 2735 1340 2771; x_wconf 51' lang='lat' dir='ltr'>to.</span> 
     </span>
    </p>
   </div>
  </div>
 </body>
</html>
