1803 3276
289 251 341 287 26
883 258 1070 284 iiiiii—:zm

284 334 345 368 est
361 324 648 383 planissimus,
663 332 708 366 ut
726 324 853 366 etiam
872 322 1060 382 parvulis
1078 321 1288 381 probetur
1305 329 1521 379 (necemus.
1534 322 1669 380 Cujus

285 405 428 454 aperta
454 395 599 439 suavia
623 404 739 448 sunt,
774 394 959 438 oliscura
981 408 1085 438 vero
1109 392 1274 451 magnis
1298 390 1557 435 utilitatibus
1580 390 1670 435 sar—

283 467 366 510 cita
392 467 696 525 pinguescunt.
725 467 863 525 liujus
883 475 1028 509 autciu
1048 464 1208 523 ingenii
1225 463 1496 508 vivacitatem
1516 462 1551 507 si
1573 462 1671 523 quis

284 552 408 581 nosse
430 535 669 592 desiderat,
696 535 828 580 libros
851 536 982 596 ipsius
1005 534 1338 581 Conl'essionuni
1360 533 1494 592 legat,
1529 531 1607 577 ubi
1628 547 1673 577 se

285 606 416 651 refert
438 621 588 652 omnes
610 606 937 652 mathematicas
955 604 1203 666 disciplinas
1221 604 1311 649 sine
1328 603 1533 662 magistro
1549 617 1674 648 com-

284 674 578 737 prehendisse,
604 693 711 737 quas
730 677 820 721 aliis
843 677 924 721 sub
947 676 1085 721 doctis
1104 674 1418 734 expositoribus
1435 673 1523 732 (vix
1544 671 1675 718 datur

283 747 654 806 coi-‚iprclicndcre
673 749 720 804 ¹).
750 750 907 791 Fertur
937 747 1085 807 itaque
1108 742 1230 806 quod
1251 747 1424 790 Marcus
1447 743 1675 789 Terentius

285 820 421 862 Varro
444 816 561 877 apud
590 817 765 862 Latinos
798 815 1139 862 innumerabiles
1161 815 1332 876 scripsit
1362 815 1524 874 libros;
1556 813 1676 876 apud

283 890 456 934 Graecos
470 888 752 934 Calciodorus
774 890 890 934 miris
908 889 952 933 iu
974 887 1205 934 scribendo
1221 887 1436 932 attollitur
1452 886 1673 932 laudibus.

284 964 345 1006 De
368 960 523 1006 nostris
542 961 695 1022 utique
719 960 837 1021 apud
860 962 1032 1007 Graeeos
1052 961 1260 1019 Origenes
1283 959 1338 1005 ad
1359 975 1431 1004 sex
1453 958 1589 1004 millia
1610 958 1676 1004 le-

284 1031 400 1090 gitur
423 1030 555 1076 libros
579 1032 826 1092 scripsisse3
858 1032 1019 1077 horum
1053 1031 1244 1092 denique
1271 1029 1466 1076 studium
1499 1033 1676 1090 Augus-

285 1103 400 1148 tinus
422 1112 568 1148 noster
591 1103 767 1163 ingenio
789 1103 857 1148 vel
880 1104 1057 1149 seientia
1083 1118 1158 1147 sua
1180 1103 1298 1147 vicit.
1316 1104 1425 1148 Nam
1448 1111 1570 1147 tanta
1592 1102 1678 1162 pri-

284 1173 416 1217 vatim
453 1172 660 1218 (lietando
706 1184 915 1235 tantaque
957 1175 1002 1219 in
1039 1173 1231 1218 Ecclesia
1265 1172 1533 1234 diversisque
1572 1171 1679 1217 locis

283 1242 550 1303 disputando
583 1245 837 1305 conscripsit
854 1280 865 1300 ,
907 1253 956 1290 ut
998 1244 1067 1288 vix
1110 1245 1341 1304 quisquam
1382 1244 1679 1289 studiosorum

283 1314 437 1360 diebus
457 1324 502 1358 et
518 1315 721 1360 noctibus
739 1331 829 1361 non
849 1315 992 1361 solum
1009 1314 1197 1360 scribere
1215 1315 1351 1361 libros
1370 1317 1479 1376 ejus,
1502 1313 1581 1360 sed
1597 1329 1680 1360 nee

282 1382 470 1445 legendo
492 1399 617 1431 nosse
640 1385 844 1432 occurrit.
880 1388 942 1432 De
970 1401 1060 1447 quo
1087 1383 1268 1446 quidam
1297 1384 1539 1432 catholicus
1560 1388 1677 1433 Doc-

285 1464 353 1502 tor
372 1457 498 1519 quasi
518 1473 623 1503 cum
643 1458 737 1519 ipso
759 1458 1029 1520 loqueretur,
1055 1457 1290 1504 testificans
1311 1458 1373 1504 sie
1394 1457 1455 1504 ait
1475 1477 1486 1504 2

551 1555 705 1588 Mentitur
719 1555 772 1600 qui
790 1559 824 1588 te
841 1559 947 1589 totum
960 1553 1074 1597 legisse
1091 1553 1224 1588 fatetur.

286 1633 372 1675 Iste
394 1630 561 1676 veroin
582 1640 731 1677 sancta
754 1629 948 1676 Ecclesia
968 1629 1176 1676 internos
1195 1640 1293 1691 post
1309 1637 1498 1675 mortem
1510 1629 1676 1686 vivens,

284 1701 514 1747 nobiseum
534 1700 732 1763 loquitur
753 1717 925 1764 semper
940 1703 1063 1764 juxta
1086 1702 1316 1763 cujusdam
1339 1700 1510 1761 gentilis
1537 1703 1679 1762 poetae

285 1786 503 1830 gramma,
539 1771 662 1834 quod
694 1788 773 1819 suo
807 1773 994 1819 seribere
1023 1769 1151 1834 jussit
1171 1771 1372 1834 sepulcro
1389 1807 1402 1830 ,
1438 1773 1525 1820 hoc
1546 1772 1681 1820 modo

283 1841 433 1888 dicens
467 1862 476 1889 :

550 1905 667 1939 Vivere
687 1910 761 1950 post
777 1905 902 1940 obitum
921 1909 1029 1939 vatem
1048 1905 1095 1940 vis
1113 1917 1205 1940 nosse
1223 1905 1352 1940 viator?

547 1960 638 1999 Quod
658 1960 735 2005 legis
750 1974 828 1996 ecce
846 1961 976 2006 loquor-3
997 1973 1060 1995 vox
1079 1965 1134 1995 tua
1148 1972 1264 2006 nempe
1282 1972 1354 1996 mea
1372 1965 1433 1995 est.

284 2035 365 2081 Hic
387 2034 496 2081 dum
514 2036 561 2082 in
578 2037 850 2099 Hipponensi
873 2036 1071 2101 sepultus
1093 2048 1159 2084 est
1175 2039 1376 2100 regione,
1395 2047 1574 2100 propter
1594 2038 1680 2083 im-

284 2104 544 2152 munditiam
557 2117 601 2153 et
620 2107 925 2156 crudelitatem
939 2109 1187 2171 gentilium,
1207 2109 1311 2157 inde
1329 2108 1502 2158 ablatus
1517 2109 1563 2156 in
1581 2111 1682 2159 Sar-

284 2174 404 2222 dinia
427 2177 642 2238 repositus
665 2189 742 2225 est.

331 2271 626 2309 Decurrentihus
652 2274 777 2320 itaque
799 2285 819 2310 a
838 2275 896 2310 die
931 2275 1054 2312 obitus
1075 2275 1153 2321 ejus
1169 2275 1286 2312 ferme
1305 2276 1474 2312 ducentis
1490 2275 1681 2320 octoginta

283 2330 386 2367 annis
404 2341 522 2377 usque
540 2332 586 2368 ad
606 2338 778 2379 tempora
794 2333 1014 2379 Liutprandi
1029 2334 1128 2379 regis
1140 2334 1480 2380 Longobardorum
1494 2360 1505 2379 ,
1529 2334 1682 2370 audiens

287 2387 385 2424 idem
404 2400 468 2425 rex
487 2391 589 2434 quod
608 2390 797 2434 Saraceni,
818 2391 1042 2438 depopulata
1063 2393 1242 2437 Sardinia,
1264 2393 1376 2429 etiam
1395 2393 1477 2429 loca
1493 2392 1680 2429 foedarent

294 2446 379 2491 illa,
408 2448 471 2484 ubi
493 2459 573 2485 ossa
599 2460 697 2496 saepe
715 2451 804 2487 dieti
832 2452 951 2488 Patris
975 2451 1022 2487 ob
1051 2452 1296 2488 vastationem
1324 2451 1575 2488 barbarorum
1593 2451 1680 2488 olim

331 2561 432 2596 tvide
458 2567 538 2596 tom.
558 2575 596 2605 x,
625 2576 696 2608 cap.
722 2576 818 2608 xviii,
843 2577 876 2609 p.
902 2575 978 2610 270.
1004 2567 1248 2610 Append.11aec
1274 2565 1376 2600 verba
1397 2565 1513 2601 ansulis
1529 2566 1674 2602 circum-

292 2618 412 2662 scripta
429 2619 546 2654 desunt
561 2620 592 2654 in
606 2622 742 2665 Codice,
761 2622 818 2659 sod
834 2633 928 2657 seusu
949 2622 1068 2669 requiri
1084 2623 1245 2658 videntur.
