1803 3276
343 242 483 274 sssnno
515 245 625 274 xv11.
661 244 705 272 nx·
738 241 896 282 MTALi
929 244 1089 283 nomm}
1121 245 1184 272 xi.
1370 235 1451 281 123

613 364 902 422 SYNOPSIS.

98 494 143 536 'L
170 497 338 536 Christus
369 498 414 535 ad
441 497 657 535 salvandum
679 506 745 534 nos
770 497 816 533 de
843 496 937 533 coelo
963 497 1083 534 venit.
1121 496 1173 534 ΙΙ.
1199 498 1316 535 Maria
1338 505 1456 537 mater

66 563 102 596 et
119 557 239 605 virgo.
266 557 341 595 111.
357 557 546 595 Probatur
563 562 695 598 contra
707 555 932 593 Manichaeos
952 556 1082 594 Mariae
1100 557 1305 603 virginitas.

126 666 163 725 1.
192 665 358 719 SANGTA
371 672 503 726 atque
521 660 1000 724 gloriosa-solemnitas¹
1025 662 1157 708 hodic
1183 662 1300 711 clara
1321 661 1460 709 reful-

65 735 135 795 sit,
164 744 208 788 et
225 736 344 790 omni
360 735 507 799 generi
523 735 717 780 humano
737 749 815 795 per
836 749 965 779 suum
988 733 1227 779 adventum
1248 734 1460 780 salutem

65 803 368 869 praesentavit(
382 804 504 864 Vidit
520 806 732 851 Dominus
745 821 873 863 omne
887 804 1097 850 sacculum
1110 805 1259 850 multis
1273 806 1460 866 peccatis

66 893 348 940 oppressum,
373 887 417 924 et
449 877 611 923 inimici
632 877 834 939 pallentis
858 877 1015 922 astutia
1035 877 1162 922 nimis
1185 877 1458 934 demersum,

66 958 110 1006 et
135 949 338 1008 dignatus
366 957 432 994 est
462 948 501 998 ei
524 963 776 994 succurrere
806 963 885 1008 per
905 948 1142 993 Dominum
1164 957 1363 1001 nostrum
1385 951 1461 993 Je-

65 1035 164 1078 sum
190 1019 430 1069 Christum.
462 1022 562 1066 Non
583 1018 689 1064 fecit
709 1017 1083 1080 quemadmodum
1105 1027 1231 1063 antea
1248 1017 1460 1074 faciebat,

65 1090 281 1149 mittendo
295 1090 535 1152 Prophetas
551 1090 802 1143 hominibus
819 1088 1072 1150 praedicare,
1086 1099 1138 1134 ut
1150 1098 1353 1136 caverent
1366 1090 1464 1139 dia-

65 1164 158 1224 boli
178 1173 306 1218 artes.
321 1162 443 1225 Vidit
456 1161 786 1219 Paterfamilias,
803 1162 905 1225 quia
917 1162 1213 1208 contemnitur
1223 1177 1302 1222 per
1315 1176 1465 1207 servo-

66 1251 167 1294 rum
192 1235 453 1295 nuntium33
477 1235 610 1282 dixit:
638 1254 660 1278 «
685 1234 801 1290 Quid
823 1233 1006 1290 faciam,
1032 1234 1115 1279 nisi
1133 1243 1185 1279 ut
1208 1233 1390 1292 unicum
1410 1233 1466 1288 ad

70 1326 92 1358 ,n
126 1323 200 1356 eos
220 1308 394 1364 mittam
408 1307 572 1354 Filium
584 1323 734 1353 meum
744 1307 1068 1366 charissimum,
1089 1305 1271 1353 forsitan
1281 1305 1353 1352 vel
1364 1320 1467 1351 eum

70 1400 93 1426 >²
118 1380 559 1441 .1·everebuntur(a).·
576 1398 599 1424 »
631 1381 783 1427 Omnis
805 1380 923 1425 enim
945 1380 1104 1436 homo,
1128 1378 1209 1425 etsi
1229 1379 1464 1439 sitjustus,

67 1453 203 1499 habet
218 1453 264 1498 in
285 1469 330 1498 se
348 1452 655 1498 immixtionis⁴
675 1451 844 1513 aliquid
865 1451 1064 1512 plumbi,
1088 1450 1136 1496 id
1158 1460 1245 1507 est,
1269 1449 1438 1511 peccati
1452 1484 1464 1506 ,

68 1524 233 1586 quibus
261 1523 372 1582 solet
403 1538 541 1583 genus
571 1524 821 1571 humanum
852 1522 1093 1583 implicari,
1129 1530 1174 1568 et
1205 1520 1306 1567 ideo
1338 1535 1470 1567 nemo

69 1595 197 1655 nobis
226 1595 375 1658 potuit
393 1596 609 1653 misereri,
634 1615 656 1640 «
680 1595 794 1651 Quia
818 1610 970 1641 omnes
996 1609 1098 1657 quae
1118 1610 1198 1647 sua
1218 1603 1323 1640 sunt
1345 1609 1472 1656 quae-

72 1688 96 1726 ῃ
130 1677 250 1726 runt,
272 1684 363 1715 non
378 1684 479 1731 quae
499 1671 524 1714 J
528 1684 605 1714 esu
627 1668 788 1715 Christi
801 1666 884 1729 (b).
917 1686 939 1710 n
962 1668 1155 1714 Mittitur
1169 1667 1337 1728 primus
1360 1670 1471 1712 Pro-

70 1741 306 1803 phetarum
347 1743 542 1800 MoyseS,
579 1739 741 1786 deinde
785 1743 956 1797 Aaron,
994 1743 1165 1796 Esa'i'as,
1208 1739 1468 1795 Hieremias,

72 1811 190 1858 Elias
204 1848 215 1869 ,
242 1821 287 1857 et
309 1827 461 1857 omnes
483 1812 665 1858 omnino
687 1812 944 1872 Prophetae,
971 1820 1015 1856 et
1038 1826 1169 1856 nemo
1190 1826 1242 1855 ex
1263 1810 1322 1855 eis
1345 1810 1473 1855 nobis

73 1883 256 1930 infirmis
278 1884 478 1930 conferre
499 1885 646 1945 potuit
667 1884 898 1929 sanitatem
911 1918 922 1938 ,
948 1883 1030 1928 nisi
1049 1882 1298 1928 videremus
1319 1882 1474 1927 Domi-

68 1971 183 2007 num
209 1954 551 2017 redemptorem.
581 1956 689 2000 Hic⁵
724 1954 891 2011 doluit,
916 1955 1007 2015 ipse
1032 1953 1088 1998 ad
1115 1969 1194 1999 nos
1216 1951 1442 1999 descendit
1459 1988 1470 2009 ,

74 2042 167 2072 non
197 2027 365 2072 habens
395 2027 443 2072 in
473 2042 518 2071 se
550 2026 726 2082 dolum,
760 2042 851 2071 non
884 2035 1137 2086 peccatum,
1176 2041 1268 2070 non
1301 2025 1474 2086 plumbi

75 2096 184 2159 quid
195 2097 532 2156 co1nmixtun163
551 2097 627 2142 sed
644 2106 760 2142 totus
773 2098 938 2158 justUS,
967 2106 1082 2142 totus
1099 2097 1330 2152 innocens,
1356 2105 1475 2141 totus

69 2177 267 2226 sanctus,
286 2177 403 2214 totus
421 2167 612 2229 fulgens,
632 2178 684 2213 ut
707 2171 987 2228 «Argentum
1007 2169 1109 2228 igne
1127 2167 1361 2228 probatum
1383 2177 1474 2212 ter-

81 2258 102 2282 n
120 2256 196 2298 rae,
211 2249 449 2302 purgatum
462 2241 714 2302 septuplum
722 2242 802 2300 (c),
821 2261 838 2284 »
860 2241 962 2303 qui⁷
981 2240 1157 2286 nullum
1169 2240 1215 2284 in
1227 2255 1270 2284 se
1283 2239 1477 2287 habebat

78 2320 332 2372 peccatum,
364 2311 440 2358 sed
469 2328 550 2373 per
582 2328 711 2358 suum
738 2312 979 2358 adventum
1001 2312 1227 2358 damnavit
1249 2327 1372 2367 eum,
1399 2310 1477 2372 qui

123 2436 169 2479 (a)
185 2438 303 2473 Matth.
319 2449 386 2480 xxx,
405 2438 459 2482 37.
479 2456 522 2463 —
544 2438 587 2481 (b)
605 2439 718 2483 Philip.
739 2437 773 2481 il,
793 2448 847 2473 21.
870 2457 913 2463 —
938 2439 983 2482 (c)
1003 2439 1085 2472 Psal.
1105 2450 1150 2482 xx,
1166 2450 1199 2483 7.

130 2517 141 2535 ¹
161 2512 239 2545 eod.
261 2523 311 2546 cvi
324 2537 334 2557 ,
361 2514 534 2547 nativitas.
552 2529 596 2537 -—-
620 2515 683 2546 ’In
697 2514 811 2547 eodem
828 2514 920 2547 deest
936 2513 1091 2547 salutem.
1116 2530 1160 2537 —-
1186 2511 1255 2547 ³111.
1278 2514 1479 2547 nuntios.—

82 2564 159 2656 bldl.
190 2568 446 2605 hnmixu'onem.
473 2586 516 2595 -
540 2567 613 2605 fild.
639 2570 723 2606 male
746 2569 822 2606 hoc.
851 2587 893 2596 -
918 2568 934 2595 6
950 2569 1030 2606 Male
1052 2570 1137 2607 idem
1161 2570 1416 2616 plumbiciatur.
1436 2585 1478 2594 ·-

85 2633 104 2666 7
120 2624 146 2657 lt
160 2649 167 2657 .
188 2625 282 2670 quia.
