<?xml version="1.0" encoding="UTF-8"?>
<!DOCTYPE html PUBLIC "-//W3C//DTD XHTML 1.0 Transitional//EN"
    "http://www.w3.org/TR/xhtml1/DTD/xhtml1-transitional.dtd">
<html xmlns="http://www.w3.org/1999/xhtml" xml:lang="en" lang="en">
 <head>
  <title>
</title>
<meta http-equiv="Content-Type" content="text/html;charset=utf-8" />
  <meta name='ocr-system' content='tesseract 3.04.00' />
  <meta name='ocr-capabilities' content='ocr_page ocr_carea ocr_par ocr_line ocrx_word'/>
</head>
<body>
  <div class='ocr_page' id='page_1' title='image "./operaomniaaccura23auguuoft_0069.png"; bbox 0 0 1803 3276; ppageno 0'>
   <div class='ocr_carea' id='block_1_1' title="bbox 408 288 1429 330">
    <p class='ocr_par' dir='ltr' id='par_1_1' title="bbox 408 288 1429 330">
     <span class='ocr_line' id='line_1_1' title="bbox 408 288 1429 330; baseline -0.005 -1"><span class='ocrx_word' id='word_1_1' title='bbox 408 302 546 330; x_wconf 71' lang='lat' dir='ltr'>SERMO</span> <span class='ocrx_word' id='word_1_2' title='bbox 582 306 619 330; x_wconf 88' lang='lat' dir='ltr'><strong>V.</strong></span> <span class='ocrx_word' id='word_1_3' title='bbox 659 305 710 329; x_wconf 73' lang='grc' dir='ltr'><strong>ΗΕ</strong></span> <span class='ocrx_word' id='word_1_4' title='bbox 745 301 1110 329; x_wconf 52' lang='grc' dir='ltr'><strong>ΔΣΧᾸΓἎΤΙΛΤΙΟΝΕ.</strong></span> <span class='ocrx_word' id='word_1_5' title='bbox 1377 288 1429 325; x_wconf 70' lang='grc'><strong>59</strong></span> 
     </span>
    </p>
   </div>
   <div class='ocr_carea' id='block_1_2' title="bbox 39 364 1432 423">
    <p class='ocr_par' dir='ltr' id='par_1_2' title="bbox 39 364 1432 423">
     <span class='ocr_line' id='line_1_2' title="bbox 39 364 1432 423; baseline -0.005 -12"><span class='ocrx_word' id='word_1_6' title='bbox 39 368 116 411; x_wconf 80' lang='lat' dir='ltr'><strong>&#39;nis</strong></span> <span class='ocrx_word' id='word_1_7' title='bbox 138 366 243 411; x_wconf 87' lang='lat' dir='ltr'><strong>boni</strong></span> <span class='ocrx_word' id='word_1_8' title='bbox 253 381 479 411; x_wconf 80' lang='lat' dir='ltr'><strong>concessa:</strong></span> <span class='ocrx_word' id='word_1_9' title='bbox 506 387 526 408; x_wconf 72' lang='grc' dir='ltr'><strong>α</strong></span> <span class='ocrx_word' id='word_1_10' title='bbox 542 368 682 410; x_wconf 88' lang='lat' dir='ltr'><strong>Omne</strong></span> <span class='ocrx_word' id='word_1_11' title='bbox 704 367 818 410; x_wconf 82' lang='lat' dir='ltr'><strong>enim</strong></span> <span class='ocrx_word' id='word_1_12' title='bbox 838 365 990 409; x_wconf 84' lang='lat' dir='ltr'><strong>datum</strong></span> <span class='ocrx_word' id='word_1_13' title='bbox 1011 364 1225 423; x_wconf 77' lang='lat' dir='ltr'><strong>optimum</strong></span> <span class='ocrx_word' id='word_1_14' title='bbox 1244 372 1285 405; x_wconf 83' lang='lat' dir='ltr'><strong>et</strong></span> <span class='ocrx_word' id='word_1_15' title='bbox 1304 378 1432 405; x_wconf 82' lang='lat' dir='ltr'><strong>omne</strong></span> 
     </span>
    </p>
   </div>
   <div class='ocr_carea' id='block_1_3' title="bbox 53 431 1452 2315">
    <p class='ocr_par' dir='ltr' id='par_1_3' title="bbox 53 431 1442 1056">
     <span class='ocr_line' id='line_1_3' title="bbox 55 431 1433 495; baseline -0.002 -18"><span class='ocrx_word' id='word_1_16' title='bbox 55 454 75 477; x_wconf 84' lang='lat'>»</span> <span class='ocrx_word' id='word_1_17' title='bbox 110 435 277 480; x_wconf 90' lang='lat' dir='ltr'><strong>donum</strong></span> <span class='ocrx_word' id='word_1_18' title='bbox 288 434 530 495; x_wconf 83' lang='lat' dir='ltr'><strong>perfectum</strong></span> <span class='ocrx_word' id='word_1_19' title='bbox 553 435 779 480; x_wconf 73' lang='lat' dir='ltr'><strong>desursum</strong></span> <span class='ocrx_word' id='word_1_20' title='bbox 802 444 866 479; x_wconf 89' lang='lat' dir='ltr'><strong>est</strong></span> <span class='ocrx_word' id='word_1_21' title='bbox 887 433 1152 478; x_wconf 71' lang='lat' dir='ltr'><strong>descendens</strong></span> <span class='ocrx_word' id='word_1_22' title='bbox 1175 449 1197 476; x_wconf 87' lang='lat' dir='ltr'><strong>a</strong></span> <span class='ocrx_word' id='word_1_23' title='bbox 1223 436 1347 475; x_wconf 84' lang='lat' dir='ltr'><strong>Patre</strong></span> <span class='ocrx_word' id='word_1_24' title='bbox 1363 431 1433 474; x_wconf 87' lang='lat' dir='ltr'><strong>lu-</strong></span> 
     </span>
     <span class='ocr_line' id='line_1_4' title="bbox 54 500 1431 562; baseline -0.001 -17"><span class='ocrx_word' id='word_1_25' title='bbox 54 522 74 545; x_wconf 90' lang='lat'>»</span> <span class='ocrx_word' id='word_1_26' title='bbox 109 505 276 548; x_wconf 89' lang='lat' dir='ltr'><strong>minum</strong></span> <span class='ocrx_word' id='word_1_27' title='bbox 298 507 381 562; x_wconf 79' lang='lat' dir='ltr'><em>(a).</em></span> <span class='ocrx_word' id='word_1_28' title='bbox 412 523 431 545; x_wconf 89' lang='lat'>»</span> <span class='ocrx_word' id='word_1_29' title='bbox 458 505 649 550; x_wconf 83' lang='lat' dir='ltr'>Ambitio</span> <span class='ocrx_word' id='word_1_30' title='bbox 667 521 760 548; x_wconf 79' lang='lat' dir='ltr'><strong>mea</strong></span> <span class='ocrx_word' id='word_1_31' title='bbox 779 514 843 548; x_wconf 79' lang='lat' dir='ltr'><strong>est</strong></span> <span class='ocrx_word' id='word_1_32' title='bbox 864 502 1083 547; x_wconf 80' lang='lat' dir='ltr'>humilitas</span> <span class='ocrx_word' id='word_1_33' title='bbox 1100 518 1211 556; x_wconf 81' lang='lat' dir='ltr'><strong>mea,</strong></span> <span class='ocrx_word' id='word_1_34' title='bbox 1238 511 1281 545; x_wconf 89' lang='lat' dir='ltr'><strong>et</strong></span> <span class='ocrx_word' id='word_1_35' title='bbox 1302 500 1399 544; x_wconf 79' lang='lat' dir='ltr'><strong>ideo</strong></span> <span class='ocrx_word' id='word_1_36' title='bbox 1424 520 1431 543; x_wconf 92' lang='lat'>:</span> 
     </span>
     <span class='ocr_line' id='line_1_5' title="bbox 55 571 1436 631; baseline -0.002 -15"><span class='ocrx_word' id='word_1_37' title='bbox 55 592 76 615; x_wconf 91' lang='lat'>«</span> <span class='ocrx_word' id='word_1_38' title='bbox 109 575 358 631; x_wconf 82' lang='lat' dir='ltr'><strong>Magnificat</strong></span> <span class='ocrx_word' id='word_1_39' title='bbox 385 575 526 618; x_wconf 81' lang='lat' dir='ltr'><strong>anima</strong></span> <span class='ocrx_word' id='word_1_40' title='bbox 552 590 646 619; x_wconf 75' lang='lat' dir='ltr'><strong>mea</strong></span> <span class='ocrx_word' id='word_1_41' title='bbox 668 575 918 626; x_wconf 76' lang='lat' dir='ltr'><strong>Dominum,</strong></span> <span class='ocrx_word' id='word_1_42' title='bbox 942 583 985 617; x_wconf 88' lang='lat' dir='ltr'><strong>et</strong></span> <span class='ocrx_word' id='word_1_43' title='bbox 1011 572 1242 616; x_wconf 77' lang='lat' dir='ltr'><strong>exultavit¹</strong></span> <span class='ocrx_word' id='word_1_44' title='bbox 1262 571 1436 630; x_wconf 82' lang='lat' dir='ltr'><strong>spiritus</strong></span> 
     </span>
     <span class='ocr_line' id='line_1_6' title="bbox 53 642 1438 704; baseline -0.002 -18"><span class='ocrx_word' id='word_1_45' title='bbox 53 662 76 686; x_wconf 69' lang='grc' dir='ltr'>υ</span> <span class='ocrx_word' id='word_1_46' title='bbox 110 660 231 689; x_wconf 88' lang='lat' dir='ltr'><strong>meus</strong></span> <span class='ocrx_word' id='word_1_47' title='bbox 242 645 287 688; x_wconf 92' lang='lat' dir='ltr'><strong>in</strong></span> <span class='ocrx_word' id='word_1_48' title='bbox 298 647 388 689; x_wconf 91' lang='lat' dir='ltr'><strong>Dco</strong></span> <span class='ocrx_word' id='word_1_49' title='bbox 401 644 576 689; x_wconf 82' lang='lat' dir='ltr'><strong>salutari</strong></span> <span class='ocrx_word' id='word_1_50' title='bbox 593 661 688 690; x_wconf 91' lang='lat' dir='ltr'><strong>meo</strong></span> <span class='ocrx_word' id='word_1_51' title='bbox 700 644 783 703; x_wconf 51' lang='grc' dir='ltr'><strong>(ὣς</strong></span> <span class='ocrx_word' id='word_1_52' title='bbox 807 663 826 685; x_wconf 89' lang='lat'>»</span> <span class='ocrx_word' id='word_1_53' title='bbox 847 644 949 704; x_wconf 84' lang='lat' dir='ltr'><strong>quia</strong></span> <span class='ocrx_word' id='word_1_54' title='bbox 963 643 1149 703; x_wconf 74' lang='lat' dir='ltr'>respexit</span> <span class='ocrx_word' id='word_1_55' title='bbox 1165 658 1253 687; x_wconf 90' lang='lat' dir='ltr'><strong>non</strong></span> <span class='ocrx_word' id='word_1_56' title='bbox 1270 642 1314 685; x_wconf 89' lang='lat' dir='ltr'><strong>in</strong></span> <span class='ocrx_word' id='word_1_57' title='bbox 1333 656 1438 685; x_wconf 78' lang='lat' dir='ltr'><strong>auro</strong></span> 
     </span>
     <span class='ocr_line' id='line_1_7' title="bbox 53 711 1439 775; baseline -0.005 -15"><span class='ocrx_word' id='word_1_58' title='bbox 53 715 267 760; x_wconf 82' lang='lat' dir='ltr'><strong>clavatam</strong></span> <span class='ocrx_word' id='word_1_59' title='bbox 281 714 475 758; x_wconf 84' lang='lat' dir='ltr'><strong>tunicam</strong></span> <span class='ocrx_word' id='word_1_60' title='bbox 494 731 651 771; x_wconf 73' lang='lat' dir='ltr'><strong>meam,</strong></span> <span class='ocrx_word' id='word_1_61' title='bbox 668 732 756 760; x_wconf 91' lang='lat' dir='ltr'><strong>non</strong></span> <span class='ocrx_word' id='word_1_62' title='bbox 769 731 980 775; x_wconf 88' lang='lat' dir='ltr'><strong>pomposo</strong></span> <span class='ocrx_word' id='word_1_63' title='bbox 994 714 1117 758; x_wconf 91' lang='lat' dir='ltr'><strong>cultu</strong></span> <span class='ocrx_word' id='word_1_64' title='bbox 1130 712 1335 757; x_wconf 85' lang='lat' dir='ltr'><strong>radiantis</strong></span> <span class='ocrx_word' id='word_1_65' title='bbox 1346 711 1439 755; x_wconf 85' lang='lat' dir='ltr'><strong>auri</strong></span> 
     </span>
     <span class='ocr_line' id='line_1_8' title="bbox 53 782 1435 845; baseline -0.005 -14"><span class='ocrx_word' id='word_1_66' title='bbox 53 785 415 831; x_wconf 84' lang='lat' dir='ltr'><strong>adornamentum</strong></span> <span class='ocrx_word' id='word_1_67' title='bbox 442 786 618 830; x_wconf 87' lang='lat' dir='ltr'><strong>cervicis</strong></span> <span class='ocrx_word' id='word_1_68' title='bbox 645 802 753 830; x_wconf 83' lang='lat' dir='ltr'><strong>meae</strong></span> <span class='ocrx_word' id='word_1_69' title='bbox 765 790 799 841; x_wconf 72' lang='lat'><strong>²,</strong></span> <span class='ocrx_word' id='word_1_70' title='bbox 824 795 899 829; x_wconf 87' lang='lat' dir='ltr'><strong>aut</strong></span> <span class='ocrx_word' id='word_1_71' title='bbox 920 786 1207 845; x_wconf 85' lang='lat' dir='ltr'><strong>pretiosarum</strong></span> <span class='ocrx_word' id='word_1_72' title='bbox 1224 782 1435 842; x_wconf 77' lang='lat' dir='ltr'><strong>lapidum,</strong></span> 
     </span>
     <span class='ocr_line' id='line_1_9' title="bbox 53 852 1441 916; baseline -0.004 -15"><span class='ocrx_word' id='word_1_73' title='bbox 53 855 388 914; x_wconf 80' lang='lat' dir='ltr'>margaritarum</span> <span class='ocrx_word' id='word_1_74' title='bbox 401 855 743 915; x_wconf 75' lang='lat' dir='ltr'>dependentium</span> <span class='ocrx_word' id='word_1_75' title='bbox 758 855 1087 916; x_wconf 72' lang='lat' dir='ltr'><strong>(splendorem)g</strong></span> <span class='ocrx_word' id='word_1_76' title='bbox 1098 855 1259 914; x_wconf 86' lang='lat' dir='ltr'><strong>aspexit</strong></span> <span class='ocrx_word' id='word_1_77' title='bbox 1274 854 1317 896; x_wconf 89' lang='lat' dir='ltr'><strong>in</strong></span> <span class='ocrx_word' id='word_1_78' title='bbox 1330 852 1441 896; x_wconf 88' lang='lat' dir='ltr'><strong>auri-</strong></span> 
     </span>
     <span class='ocr_line' id='line_1_10' title="bbox 54 921 1442 984; baseline -0.004 -15"><span class='ocrx_word' id='word_1_79' title='bbox 54 926 136 970; x_wconf 85' lang='lat' dir='ltr'><strong>bus</strong></span> <span class='ocrx_word' id='word_1_80' title='bbox 158 925 262 969; x_wconf 92' lang='lat' dir='ltr'><strong>meis</strong></span> <span class='ocrx_word' id='word_1_81' title='bbox 280 960 290 980; x_wconf 82' lang='lat'>‚</span> <span class='ocrx_word' id='word_1_82' title='bbox 316 934 392 969; x_wconf 84' lang='lat' dir='ltr'><strong>aut</strong></span> <span class='ocrx_word' id='word_1_83' title='bbox 425 941 633 984; x_wconf 81' lang='lat' dir='ltr'><strong>genarum</strong></span> <span class='ocrx_word' id='word_1_84' title='bbox 657 927 863 970; x_wconf 79' lang='lat' dir='ltr'><strong>ruborem</strong></span> <span class='ocrx_word' id='word_1_85' title='bbox 897 924 1081 969; x_wconf 84' lang='lat' dir='ltr'><strong>attendit</strong></span> <span class='ocrx_word' id='word_1_86' title='bbox 1113 924 1214 968; x_wconf 83' lang='lat' dir='ltr'><strong>fuco</strong></span> <span class='ocrx_word' id='word_1_87' title='bbox 1242 921 1442 965; x_wconf 87' lang='lat' dir='ltr'><strong>mendaci</strong></span> 
     </span>
     <span class='ocr_line' id='line_1_11' title="bbox 54 994 1438 1056; baseline -0.004 -16"><span class='ocrx_word' id='word_1_88' title='bbox 54 995 296 1040; x_wconf 87' lang='lat' dir='ltr'><strong>coloratum</strong></span> <span class='ocrx_word' id='word_1_89' title='bbox 311 1031 321 1050; x_wconf 82' lang='lat'>,</span> <span class='ocrx_word' id='word_1_90' title='bbox 343 995 417 1039; x_wconf 89' lang='lat' dir='ltr'><strong>sed</strong></span> <span class='ocrx_word' id='word_1_91' title='bbox 451 1015 469 1037; x_wconf 92' lang='lat'>«</span> <span class='ocrx_word' id='word_1_92' title='bbox 490 998 693 1056; x_wconf 74' lang='lat' dir='ltr'><strong>Respexit</strong></span> <span class='ocrx_word' id='word_1_93' title='bbox 714 996 1005 1040; x_wconf 71' lang='lat' dir='ltr'><strong>humilitatem</strong></span> <span class='ocrx_word' id='word_1_94' title='bbox 1023 994 1190 1039; x_wconf 67' lang='lat' dir='ltr'><strong>ancillfe</strong></span> <span class='ocrx_word' id='word_1_95' title='bbox 1212 1009 1300 1037; x_wconf 78' lang='lat' dir='ltr'><strong>suae</strong></span> <span class='ocrx_word' id='word_1_96' title='bbox 1314 994 1388 1050; x_wconf 78' lang='lat' dir='ltr'><strong>(c).</strong></span> <span class='ocrx_word' id='word_1_97' title='bbox 1418 1009 1438 1031; x_wconf 86' lang='lat'>»</span> 
     </span>
    </p>

    <p class='ocr_par' dir='ltr' id='par_1_4' title="bbox 54 1062 1452 2178">
     <span class='ocr_line' id='line_1_12' title="bbox 93 1062 1443 1119; baseline -0.004 -9"><span class='ocrx_word' id='word_1_98' title='bbox 93 1069 194 1110; x_wconf 89' lang='lat' dir='ltr'><strong>VII.</strong></span> <span class='ocrx_word' id='word_1_99' title='bbox 218 1065 348 1108; x_wconf 84' lang='lat' dir='ltr'>Venit</span> <span class='ocrx_word' id='word_1_100' title='bbox 364 1066 479 1108; x_wconf 88' lang='lat' dir='ltr'><strong>enim</strong></span> <span class='ocrx_word' id='word_1_101' title='bbox 493 1066 548 1109; x_wconf 89' lang='lat' dir='ltr'><strong>ad</strong></span> <span class='ocrx_word' id='word_1_102' title='bbox 561 1065 770 1110; x_wconf 89' lang='lat' dir='ltr'><strong>humilem</strong></span> <span class='ocrx_word' id='word_1_103' title='bbox 783 1075 1052 1119; x_wconf 71' lang='lat' dir='ltr'><strong>mansuetus,</strong></span> <span class='ocrx_word' id='word_1_104' title='bbox 1080 1065 1189 1109; x_wconf 89' lang='lat' dir='ltr'><strong>sicut</strong></span> <span class='ocrx_word' id='word_1_105' title='bbox 1212 1062 1353 1106; x_wconf 82' lang='lat' dir='ltr'><strong>fuerat</strong></span> <span class='ocrx_word' id='word_1_106' title='bbox 1368 1078 1443 1105; x_wconf 80' lang='lat' dir='ltr'><strong>va-</strong></span> 
     </span>
     <span class='ocr_line' id='line_1_13' title="bbox 54 1132 1440 1196; baseline -0.004 -16"><span class='ocrx_word' id='word_1_107' title='bbox 54 1135 204 1180; x_wconf 84' lang='lat' dir='ltr'><strong>ticinio</strong></span> <span class='ocrx_word' id='word_1_108' title='bbox 220 1136 449 1194; x_wconf 72' lang='lat' dir='ltr'><strong>Prophetae</strong></span> <span class='ocrx_word' id='word_1_109' title='bbox 470 1144 595 1179; x_wconf 86' lang='lat' dir='ltr'><strong>antea</strong></span> <span class='ocrx_word' id='word_1_110' title='bbox 618 1137 897 1196; x_wconf 80' lang='lat' dir='ltr'><strong>promissum,</strong></span> <span class='ocrx_word' id='word_1_111' title='bbox 929 1144 972 1178; x_wconf 86' lang='lat' dir='ltr'><strong>et</strong></span> <span class='ocrx_word' id='word_1_112' title='bbox 988 1135 1046 1178; x_wconf 85' lang='lat' dir='ltr'><strong>ait</strong></span> <span class='ocrx_word' id='word_1_113' title='bbox 1066 1150 1074 1175; x_wconf 91' lang='lat'>:</span> <span class='ocrx_word' id='word_1_114' title='bbox 1102 1154 1122 1176; x_wconf 88' lang='lat'>«</span> <span class='ocrx_word' id='word_1_115' title='bbox 1146 1132 1245 1178; x_wconf 89' lang='lat' dir='ltr'><strong>Noli</strong></span> <span class='ocrx_word' id='word_1_116' title='bbox 1262 1133 1413 1176; x_wconf 83' lang='lat' dir='ltr'><strong>timere</strong></span> <span class='ocrx_word' id='word_1_117' title='bbox 1430 1167 1440 1185; x_wconf 95' lang='lat'>‚</span> 
     </span>
     <span class='ocr_line' id='line_1_14' title="bbox 57 1202 1440 1256; baseline -0.001 -10"><span class='ocrx_word' id='word_1_118' title='bbox 57 1224 78 1246; x_wconf 89' lang='lat'>»</span> <span class='ocrx_word' id='word_1_119' title='bbox 113 1205 202 1249; x_wconf 81' lang='lat' dir='ltr'><strong>filia</strong></span> <span class='ocrx_word' id='word_1_120' title='bbox 226 1206 342 1250; x_wconf 83' lang='lat' dir='ltr'>Sion.</span> <span class='ocrx_word' id='word_1_121' title='bbox 365 1208 479 1249; x_wconf 86' lang='lat' dir='ltr'><strong>Ecce</strong></span> <span class='ocrx_word' id='word_1_122' title='bbox 502 1209 593 1249; x_wconf 82' lang='lat' dir='ltr'><strong>Rex</strong></span> <span class='ocrx_word' id='word_1_123' title='bbox 616 1206 869 1250; x_wconf 85' lang='lat' dir='ltr'><strong>tuusveniet</strong></span> <span class='ocrx_word' id='word_1_124' title='bbox 890 1205 1290 1248; x_wconf 79' lang='lat' dir='ltr'><strong>tibimansuetus‘et</strong></span> <span class='ocrx_word' id='word_1_125' title='bbox 1309 1202 1440 1256; x_wconf 78' lang='lat' dir='ltr'><strong>mitis⁷</strong></span> 
     </span>
     <span class='ocr_line' id='line_1_15' title="bbox 57 1273 1444 1335; baseline -0.004 -16"><span class='ocrx_word' id='word_1_126' title='bbox 57 1293 78 1316; x_wconf 87' lang='lat'>»</span> <span class='ocrx_word' id='word_1_127' title='bbox 113 1275 265 1319; x_wconf 87' lang='lat' dir='ltr'><strong>sedens</strong></span> <span class='ocrx_word' id='word_1_128' title='bbox 287 1290 416 1334; x_wconf 88' lang='lat' dir='ltr'><strong>super</strong></span> <span class='ocrx_word' id='word_1_129' title='bbox 434 1276 599 1319; x_wconf 90' lang='lat' dir='ltr'><strong>nubem</strong></span> <span class='ocrx_word' id='word_1_130' title='bbox 624 1275 762 1320; x_wconf 88' lang='lat' dir='ltr'><strong>levem</strong></span> <span class='ocrx_word' id='word_1_131' title='bbox 776 1275 851 1334; x_wconf 81' lang='lat' dir='ltr'><strong>(cl)</strong></span> <span class='ocrx_word' id='word_1_132' title='bbox 868 1276 900 1318; x_wconf 75' lang='lat'><strong>⁴.</strong></span> <span class='ocrx_word' id='word_1_133' title='bbox 920 1293 941 1316; x_wconf 76' lang='lat'><strong>&gt;›</strong></span> <span class='ocrx_word' id='word_1_134' title='bbox 970 1278 1108 1335; x_wconf 88' lang='lat' dir='ltr'><strong>Super</strong></span> <span class='ocrx_word' id='word_1_135' title='bbox 1131 1290 1261 1335; x_wconf 86' lang='lat' dir='ltr'><strong>quem</strong></span> <span class='ocrx_word' id='word_1_136' title='bbox 1280 1273 1444 1316; x_wconf 86' lang='lat' dir='ltr'><strong>nubem</strong></span> 
     </span>
     <span class='ocr_line' id='line_1_16' title="bbox 54 1343 1443 1405; baseline -0.003 -16"><span class='ocrx_word' id='word_1_137' title='bbox 54 1343 224 1389; x_wconf 80' lang='lat' dir='ltr'><strong>levem?</strong></span> <span class='ocrx_word' id='word_1_138' title='bbox 247 1347 386 1404; x_wconf 85' lang='lat' dir='ltr'><strong>Super</strong></span> <span class='ocrx_word' id='word_1_139' title='bbox 401 1345 581 1389; x_wconf 84' lang='lat' dir='ltr'><strong>Mariam</strong></span> <span class='ocrx_word' id='word_1_140' title='bbox 604 1346 766 1390; x_wconf 89' lang='lat' dir='ltr'><strong>scilicet</strong></span> <span class='ocrx_word' id='word_1_141' title='bbox 782 1345 1010 1404; x_wconf 82' lang='lat' dir='ltr'><strong>virginem,</strong></span> <span class='ocrx_word' id='word_1_142' title='bbox 1026 1360 1158 1405; x_wconf 84' lang='lat' dir='ltr'><strong>quam</strong></span> <span class='ocrx_word' id='word_1_143' title='bbox 1170 1344 1251 1388; x_wconf 89' lang='lat' dir='ltr'><strong>sibi</strong></span> <span class='ocrx_word' id='word_1_144' title='bbox 1266 1344 1356 1402; x_wconf 82' lang='lat' dir='ltr'><strong>ipse</strong></span> <span class='ocrx_word' id='word_1_145' title='bbox 1368 1358 1443 1385; x_wconf 82' lang='lat' dir='ltr'><strong>ex-</strong></span> 
     </span>
     <span class='ocr_line' id='line_1_17' title="bbox 55 1413 1443 1475; baseline -0.004 -16"><span class='ocrx_word' id='word_1_146' title='bbox 55 1414 200 1459; x_wconf 83' lang='lat' dir='ltr'><strong>hibuit</strong></span> <span class='ocrx_word' id='word_1_147' title='bbox 231 1414 323 1458; x_wconf 87' lang='lat' dir='ltr'><strong>sine</strong></span> <span class='ocrx_word' id='word_1_148' title='bbox 346 1415 558 1474; x_wconf 77' lang='lat' dir='ltr'><strong>comparis</strong></span> <span class='ocrx_word' id='word_1_149' title='bbox 581 1415 803 1475; x_wconf 86' lang='lat' dir='ltr'><strong>pondere⁵</strong></span> <span class='ocrx_word' id='word_1_150' title='bbox 835 1416 1104 1475; x_wconf 78' lang='lat' dir='ltr'><strong>genitricem.</strong></span> <span class='ocrx_word' id='word_1_151' title='bbox 1138 1413 1268 1458; x_wconf 83' lang='lat' dir='ltr'><strong>Venit</strong></span> <span class='ocrx_word' id='word_1_152' title='bbox 1295 1413 1443 1472; x_wconf 83' lang='lat' dir='ltr'><strong>itaque</strong></span> 
     </span>
     <span class='ocr_line' id='line_1_18' title="bbox 55 1483 1443 1546; baseline -0.002 -17"><span class='ocrx_word' id='word_1_153' title='bbox 55 1493 306 1529; x_wconf 81' lang='lat' dir='ltr'><strong>mansuetus</strong></span> <span class='ocrx_word' id='word_1_154' title='bbox 329 1486 601 1546; x_wconf 88' lang='lat' dir='ltr'><strong>requiescens</strong></span> <span class='ocrx_word' id='word_1_155' title='bbox 629 1503 760 1546; x_wconf 86' lang='lat' dir='ltr'><strong>super</strong></span> <span class='ocrx_word' id='word_1_156' title='bbox 783 1496 1029 1530; x_wconf 81' lang='lat' dir='ltr'><strong>maternum</strong></span> <span class='ocrx_word' id='word_1_157' title='bbox 1051 1485 1251 1545; x_wconf 84' lang='lat' dir='ltr'><strong>spiritum</strong></span> <span class='ocrx_word' id='word_1_158' title='bbox 1265 1520 1274 1537; x_wconf 59' lang='lat'>7</span> <span class='ocrx_word' id='word_1_159' title='bbox 1295 1483 1443 1528; x_wconf 88' lang='lat' dir='ltr'><strong>humi-</strong></span> 
     </span>
     <span class='ocr_line' id='line_1_19' title="bbox 55 1555 1445 1615; baseline -0.002 -15"><span class='ocrx_word' id='word_1_160' title='bbox 55 1555 158 1611; x_wconf 86' lang='lat' dir='ltr'><strong>lem,</strong></span> <span class='ocrx_word' id='word_1_161' title='bbox 179 1565 223 1600; x_wconf 88' lang='lat' dir='ltr'><strong>et</strong></span> <span class='ocrx_word' id='word_1_162' title='bbox 238 1556 477 1609; x_wconf 87' lang='lat' dir='ltr'><strong>«Quietum</strong></span> <span class='ocrx_word' id='word_1_163' title='bbox 487 1566 529 1601; x_wconf 90' lang='lat' dir='ltr'><strong>et</strong></span> <span class='ocrx_word' id='word_1_164' title='bbox 538 1566 798 1602; x_wconf 84' lang='lat' dir='ltr'><strong>trementem</strong></span> <span class='ocrx_word' id='word_1_165' title='bbox 808 1558 941 1603; x_wconf 84' lang='lat' dir='ltr'><strong>verba</strong></span> <span class='ocrx_word' id='word_1_166' title='bbox 955 1573 1030 1601; x_wconf 87' lang='lat' dir='ltr'><strong>sua</strong></span> <span class='ocrx_word' id='word_1_167' title='bbox 1040 1559 1118 1615; x_wconf 81' lang='lat' dir='ltr'><strong>(e).</strong></span> <span class='ocrx_word' id='word_1_168' title='bbox 1138 1576 1156 1598; x_wconf 72' lang='grc' dir='ltr'><strong>ι»</strong></span> <span class='ocrx_word' id='word_1_169' title='bbox 1171 1555 1304 1600; x_wconf 87' lang='lat' dir='ltr'><strong>Venit</strong></span> <span class='ocrx_word' id='word_1_170' title='bbox 1313 1555 1445 1614; x_wconf 83' lang='lat' dir='ltr'><strong>igitur</strong></span> 
     </span>
     <span class='ocr_line' id='line_1_20' title="bbox 56 1625 1445 1688; baseline -0.002 -17"><span class='ocrx_word' id='word_1_171' title='bbox 56 1636 328 1682; x_wconf 81' lang='lat' dir='ltr'><strong>mansuetus,</strong></span> <span class='ocrx_word' id='word_1_172' title='bbox 352 1626 537 1687; x_wconf 90' lang='lat' dir='ltr'><strong>implens</strong></span> <span class='ocrx_word' id='word_1_173' title='bbox 559 1628 708 1684; x_wconf 82' lang='lat' dir='ltr'><strong>coelos,</strong></span> <span class='ocrx_word' id='word_1_174' title='bbox 734 1630 946 1673; x_wconf 85' lang='lat' dir='ltr'><strong>transiens</strong></span> <span class='ocrx_word' id='word_1_175' title='bbox 966 1645 1043 1688; x_wconf 91' lang='lat' dir='ltr'><strong>per</strong></span> <span class='ocrx_word' id='word_1_176' title='bbox 1059 1626 1245 1671; x_wconf 88' lang='lat' dir='ltr'><strong>humiles</strong></span> <span class='ocrx_word' id='word_1_177' title='bbox 1261 1629 1276 1653; x_wconf 76' lang='lat'><strong>⁶</strong></span> <span class='ocrx_word' id='word_1_178' title='bbox 1299 1625 1353 1669; x_wconf 85' lang='lat' dir='ltr'><strong>ad</strong></span> <span class='ocrx_word' id='word_1_179' title='bbox 1371 1641 1445 1669; x_wconf 87' lang='lat' dir='ltr'><strong>su-</strong></span> 
     </span>
     <span class='ocr_line' id='line_1_21' title="bbox 55 1697 1447 1759; baseline -0.002 -18"><span class='ocrx_word' id='word_1_180' title='bbox 55 1697 230 1757; x_wconf 86' lang='lat' dir='ltr'><strong>perbos,</strong></span> <span class='ocrx_word' id='word_1_181' title='bbox 251 1706 294 1742; x_wconf 88' lang='lat' dir='ltr'><strong>et</strong></span> <span class='ocrx_word' id='word_1_182' title='bbox 310 1697 442 1742; x_wconf 88' lang='lat' dir='ltr'><strong>coelos</strong></span> <span class='ocrx_word' id='word_1_183' title='bbox 465 1714 555 1742; x_wconf 89' lang='lat' dir='ltr'><strong>non</strong></span> <span class='ocrx_word' id='word_1_184' title='bbox 575 1697 824 1759; x_wconf 83' lang='lat' dir='ltr'><strong>dereliquit,</strong></span> <span class='ocrx_word' id='word_1_185' title='bbox 851 1709 894 1743; x_wconf 84' lang='lat' dir='ltr'><strong>et</strong></span> <span class='ocrx_word' id='word_1_186' title='bbox 910 1699 1085 1743; x_wconf 77' lang='lat' dir='ltr'><strong>inflatos</strong></span> <span class='ocrx_word' id='word_1_187' title='bbox 1109 1708 1281 1742; x_wconf 90' lang='lat' dir='ltr'><strong>tumore</strong></span> <span class='ocrx_word' id='word_1_188' title='bbox 1299 1709 1447 1755; x_wconf 88' lang='lat' dir='ltr'><strong>super-</strong></span> 
     </span>
     <span class='ocr_line' id='line_1_22' title="bbox 57 1766 1447 1829; baseline -0.002 -18"><span class='ocrx_word' id='word_1_189' title='bbox 57 1767 157 1823; x_wconf 71' lang='lat' dir='ltr'><strong>biae,</strong></span> <span class='ocrx_word' id='word_1_190' title='bbox 187 1768 382 1827; x_wconf 89' lang='lat' dir='ltr'><strong>apposito</strong></span> <span class='ocrx_word' id='word_1_191' title='bbox 400 1768 656 1812; x_wconf 85' lang='lat' dir='ltr'><strong>humilitatis</strong></span> <span class='ocrx_word' id='word_1_192' title='bbox 673 1769 922 1829; x_wconf 70' lang='lat' dir='ltr'><strong>emplastro,</strong></span> <span class='ocrx_word' id='word_1_193' title='bbox 948 1779 998 1813; x_wconf 90' lang='lat' dir='ltr'><strong>ut</strong></span> <span class='ocrx_word' id='word_1_194' title='bbox 1015 1769 1130 1813; x_wconf 84' lang='lat' dir='ltr'><strong>mitis</strong></span> <span class='ocrx_word' id='word_1_195' title='bbox 1149 1766 1343 1811; x_wconf 88' lang='lat' dir='ltr'><strong>medicus</strong></span> <span class='ocrx_word' id='word_1_196' title='bbox 1359 1768 1447 1825; x_wconf 89' lang='lat' dir='ltr'><strong>ipse</strong></span> 
     </span>
     <span class='ocr_line' id='line_1_23' title="bbox 56 1835 1448 1897; baseline -0.004 -14"><span class='ocrx_word' id='word_1_197' title='bbox 56 1838 239 1883; x_wconf 82' lang='lat' dir='ltr'><strong>curavit.</strong></span> <span class='ocrx_word' id='word_1_198' title='bbox 265 1839 302 1881; x_wconf 94' lang='grc' dir='ltr'><strong>Ο</strong></span> <span class='ocrx_word' id='word_1_199' title='bbox 320 1837 540 1897; x_wconf 81' lang='lat' dir='ltr'><strong>profunda</strong></span> <span class='ocrx_word' id='word_1_200' title='bbox 557 1838 779 1882; x_wconf 85' lang='lat' dir='ltr'><strong>humilitas</strong></span> <span class='ocrx_word' id='word_1_201' title='bbox 800 1839 808 1882; x_wconf 77' lang='lat' dir='ltr'><strong>l</strong></span> <span class='ocrx_word' id='word_1_202' title='bbox 836 1859 855 1881; x_wconf 86' lang='lat'>«</span> <span class='ocrx_word' id='word_1_203' title='bbox 876 1841 913 1883; x_wconf 89' lang='lat' dir='ltr'>O</span> <span class='ocrx_word' id='word_1_204' title='bbox 932 1838 1141 1883; x_wconf 71' lang='lat' dir='ltr'><strong>excelsior</strong></span> <span class='ocrx_word' id='word_1_205' title='bbox 1168 1835 1354 1881; x_wconf 79' lang='lat' dir='ltr'><strong>altitudo</strong></span> <span class='ocrx_word' id='word_1_206' title='bbox 1379 1835 1448 1879; x_wconf 88' lang='lat' dir='ltr'><strong>di-</strong></span> 
     </span>
     <span class='ocr_line' id='line_1_24' title="bbox 61 1905 1447 1969; baseline -0.001 -19"><span class='ocrx_word' id='word_1_207' title='bbox 61 1925 82 1949; x_wconf 92' lang='lat'>»</span> <span class='ocrx_word' id='word_1_208' title='bbox 116 1907 319 1951; x_wconf 88' lang='lat' dir='ltr'><strong>vitiarum</strong></span> <span class='ocrx_word' id='word_1_209' title='bbox 342 1907 563 1967; x_wconf 81' lang='lat' dir='ltr'><strong>sapientiae</strong></span> <span class='ocrx_word' id='word_1_210' title='bbox 586 1918 629 1952; x_wconf 91' lang='lat' dir='ltr'><strong>et</strong></span> <span class='ocrx_word' id='word_1_211' title='bbox 646 1908 836 1952; x_wconf 62' lang='lat' dir='ltr'><strong>scientiae</strong></span> <span class='ocrx_word' id='word_1_212' title='bbox 858 1909 951 1963; x_wconf 73' lang='lat' dir='ltr'><strong>Dei,</strong></span> <span class='ocrx_word' id='word_1_213' title='bbox 979 1925 1111 1969; x_wconf 86' lang='lat' dir='ltr'><strong>quam</strong></span> <span class='ocrx_word' id='word_1_214' title='bbox 1132 1905 1447 1951; x_wconf 81' lang='lat' dir='ltr'><strong>inscrutabilia⁷</strong></span> 
     </span>
     <span class='ocr_line' id='line_1_25' title="bbox 62 1974 1452 2040; baseline -0.003 -19"><span class='ocrx_word' id='word_1_215' title='bbox 62 1995 82 2018; x_wconf 93' lang='lat'>»</span> <span class='ocrx_word' id='word_1_216' title='bbox 109 1989 211 2021; x_wconf 89' lang='lat' dir='ltr'><strong>sunt</strong></span> <span class='ocrx_word' id='word_1_217' title='bbox 221 1976 383 2038; x_wconf 82' lang='lat' dir='ltr'><strong>judicia</strong></span> <span class='ocrx_word' id='word_1_218' title='bbox 398 1979 488 2037; x_wconf 84' lang='lat' dir='ltr'><strong>ejus</strong></span> <span class='ocrx_word' id='word_1_219' title='bbox 502 1987 544 2021; x_wconf 86' lang='lat' dir='ltr'><strong>et</strong></span> <span class='ocrx_word' id='word_1_220' title='bbox 558 1977 877 2036; x_wconf 78' lang='lat' dir='ltr'><strong>investigabiles</strong></span> <span class='ocrx_word' id='word_1_221' title='bbox 889 1979 967 2022; x_wconf 81' lang='lat' dir='ltr'><strong>viae</strong></span> <span class='ocrx_word' id='word_1_222' title='bbox 985 1979 1116 2037; x_wconf 87' lang='lat' dir='ltr'><strong>ipsius</strong></span> <span class='ocrx_word' id='word_1_223' title='bbox 1129 1976 1229 2040; x_wconf 82' lang='lat' dir='ltr'><em>(f).</em></span> <span class='ocrx_word' id='word_1_224' title='bbox 1240 1974 1452 2033; x_wconf 77' lang='lat' dir='ltr'><strong>»Angelo-</strong></span> 
     </span>
     <span class='ocr_line' id='line_1_26' title="bbox 59 2045 1446 2107; baseline -0.003 -16"><span class='ocrx_word' id='word_1_225' title='bbox 59 2063 158 2091; x_wconf 89' lang='lat' dir='ltr'><strong>rum</strong></span> <span class='ocrx_word' id='word_1_226' title='bbox 174 2047 296 2106; x_wconf 84' lang='lat' dir='ltr'><strong>panis</strong></span> <span class='ocrx_word' id='word_1_227' title='bbox 318 2046 505 2091; x_wconf 83' lang='lat' dir='ltr'><strong>lactatur</strong></span> <span class='ocrx_word' id='word_1_228' title='bbox 520 2049 534 2073; x_wconf 76' lang='lat'><strong>⁸</strong></span> <span class='ocrx_word' id='word_1_229' title='bbox 569 2048 779 2092; x_wconf 84' lang='lat' dir='ltr'><strong>uberibus</strong></span> <span class='ocrx_word' id='word_1_230' title='bbox 793 2048 968 2105; x_wconf 75' lang='lat' dir='ltr'><strong>matris3</strong></span> <span class='ocrx_word' id='word_1_231' title='bbox 992 2048 1087 2092; x_wconf 83' lang='lat' dir='ltr'><strong>sons</strong></span> <span class='ocrx_word' id='word_1_232' title='bbox 1111 2064 1236 2107; x_wconf 69' lang='lat' dir='ltr'><strong>aqu-‘e</strong></span> <span class='ocrx_word' id='word_1_233' title='bbox 1257 2045 1446 2089; x_wconf 83' lang='lat' dir='ltr'><strong>salientis</strong></span> 
     </span>
     <span class='ocr_line' id='line_1_27' title="bbox 60 2116 1446 2178; baseline -0.004 -16"><span class='ocrx_word' id='word_1_234' title='bbox 60 2116 107 2163; x_wconf 90' lang='lat' dir='ltr'><strong>in</strong></span> <span class='ocrx_word' id='word_1_235' title='bbox 127 2117 261 2161; x_wconf 86' lang='lat' dir='ltr'><strong>vitam</strong></span> <span class='ocrx_word' id='word_1_236' title='bbox 276 2126 499 2172; x_wconf 75' lang='lat' dir='ltr'><strong>aeternam7</strong></span> <span class='ocrx_word' id='word_1_237' title='bbox 523 2118 878 2173; x_wconf 79' lang='lat' dir='ltr'><strong>Samaritanan1⁹‚</strong></span> <span class='ocrx_word' id='word_1_238' title='bbox 911 2116 1194 2178; x_wconf 78' lang='lat' dir='ltr'><strong>praeformans</strong></span> <span class='ocrx_word' id='word_1_239' title='bbox 1210 2116 1446 2161; x_wconf 82' lang='lat' dir='ltr'><strong>Ecclesiam</strong></span> 
     </span>
    </p>

    <p class='ocr_par' dir='ltr' id='par_1_5' title="bbox 63 2213 1449 2315">
     <span class='ocr_line' id='line_1_28' title="bbox 107 2213 1448 2257; baseline -0.002 -11"><span class='ocrx_word' id='word_1_240' title='bbox 107 2213 153 2255; x_wconf 80' lang='lat' dir='ltr'><strong>(a)</strong></span> <span class='ocrx_word' id='word_1_241' title='bbox 174 2215 245 2246; x_wconf 81' lang='lat' dir='ltr'><strong>Jac.</strong></span> <span class='ocrx_word' id='word_1_242' title='bbox 268 2226 296 2255; x_wconf 87' lang='lat'><strong>1,</strong></span> <span class='ocrx_word' id='word_1_243' title='bbox 329 2224 380 2257; x_wconf 87' lang='lat'><strong>17.</strong></span> <span class='ocrx_word' id='word_1_244' title='bbox 400 2231 442 2236; x_wconf 88' lang='lat'><strong>——-</strong></span> <span class='ocrx_word' id='word_1_245' title='bbox 457 2214 502 2255; x_wconf 79' lang='lat' dir='ltr'><strong>(b)</strong></span> <span class='ocrx_word' id='word_1_246' title='bbox 527 2215 604 2247; x_wconf 88' lang='lat' dir='ltr'><strong>Luc.</strong></span> <span class='ocrx_word' id='word_1_247' title='bbox 629 2225 656 2255; x_wconf 82' lang='grc' dir='ltr'><strong>ι,</strong></span> <span class='ocrx_word' id='word_1_248' title='bbox 681 2213 735 2256; x_wconf 63' lang='grc'><strong>47.</strong></span> <span class='ocrx_word' id='word_1_249' title='bbox 756 2231 798 2237; x_wconf 89' lang='grc'><strong>--</strong></span> <span class='ocrx_word' id='word_1_250' title='bbox 822 2213 866 2255; x_wconf 85' lang='lat' dir='ltr'><strong>(c)</strong></span> <span class='ocrx_word' id='word_1_251' title='bbox 890 2215 972 2247; x_wconf 86' lang='lat' dir='ltr'><strong>Ibid.</strong></span> <span class='ocrx_word' id='word_1_252' title='bbox 993 2214 1047 2257; x_wconf 57' lang='grc'><strong>48.</strong></span> <span class='ocrx_word' id='word_1_253' title='bbox 1074 2232 1116 2236; x_wconf 92' lang='grc'>-</span> <span class='ocrx_word' id='word_1_254' title='bbox 1140 2213 1194 2254; x_wconf 77' lang='lat' dir='ltr'><strong>(d)</strong></span> <span class='ocrx_word' id='word_1_255' title='bbox 1212 2215 1284 2246; x_wconf 75' lang='lat' dir='ltr'><strong>lsai.</strong></span> <span class='ocrx_word' id='word_1_256' title='bbox 1305 2225 1379 2253; x_wconf 67' lang='lat' dir='ltr'><strong>mn,</strong></span> <span class='ocrx_word' id='word_1_257' title='bbox 1396 2224 1448 2244; x_wconf 90' lang='lat'><strong>11.</strong></span> 
     </span>
     <span class='ocr_line' id='line_1_29' title="bbox 63 2268 1449 2315; baseline -0.002 -13"><span class='ocrx_word' id='word_1_258' title='bbox 63 2270 158 2302; x_wconf 85' lang='lat' dir='ltr'><strong>Zach.</strong></span> <span class='ocrx_word' id='word_1_259' title='bbox 171 2282 214 2312; x_wconf 78' lang='lat' dir='ltr'><strong>lx,</strong></span> <span class='ocrx_word' id='word_1_260' title='bbox 233 2272 352 2313; x_wconf 76' lang='lat' dir='ltr'><strong>9.Isa&#39;1&#39;.</strong></span> <span class='ocrx_word' id='word_1_261' title='bbox 372 2282 440 2312; x_wconf 79' lang='lat' dir='ltr'><strong>xix,</strong></span> <span class='ocrx_word' id='word_1_262' title='bbox 453 2282 481 2302; x_wconf 79' lang='grc' dir='ltr'><strong>ι.</strong></span> <span class='ocrx_word' id='word_1_263' title='bbox 502 2270 615 2303; x_wconf 86' lang='lat' dir='ltr'><strong>Matth.</strong></span> <span class='ocrx_word' id='word_1_264' title='bbox 634 2281 701 2312; x_wconf 71' lang='lat' dir='ltr'><strong>xxi,</strong></span> <span class='ocrx_word' id='word_1_265' title='bbox 716 2270 794 2302; x_wconf 84' lang='grc'><strong>5.-</strong></span> <span class='ocrx_word' id='word_1_266' title='bbox 814 2270 1044 2312; x_wconf 67' lang='lat' dir='ltr'><strong>(e&gt;1sa·1·.uw‚</strong></span> <span class='ocrx_word' id='word_1_267' title='bbox 1059 2280 1137 2302; x_wconf 81' lang='lat'><strong>2.—</strong></span> <span class='ocrx_word' id='word_1_268' title='bbox 1152 2270 1213 2315; x_wconf 80' lang='lat' dir='ltr'><strong>(f)</strong></span> <span class='ocrx_word' id='word_1_269' title='bbox 1232 2273 1322 2301; x_wconf 80' lang='lat' dir='ltr'><strong>Rom.</strong></span> <span class='ocrx_word' id='word_1_270' title='bbox 1338 2268 1449 2310; x_wconf 80' lang='lat' dir='ltr'>x1,33.</span> 
     </span>
    </p>
   </div>
   <div class='ocr_carea' id='block_1_4' title="bbox 61 2336 1454 2603">
    <p class='ocr_par' dir='ltr' id='par_1_6' title="bbox 61 2336 1454 2603">
     <span class='ocr_line' id='line_1_30' title="bbox 112 2336 1452 2375; baseline -0.002 -5"><span class='ocrx_word' id='word_1_271' title='bbox 112 2343 122 2360; x_wconf 88' lang='lat'>¹</span> <span class='ocrx_word' id='word_1_272' title='bbox 139 2338 216 2370; x_wconf 87' lang='lat' dir='ltr'><strong>Cod.</strong></span> <span class='ocrx_word' id='word_1_273' title='bbox 232 2339 317 2370; x_wconf 87' lang='lat' dir='ltr'><strong>Cass.</strong></span> <span class='ocrx_word' id='word_1_274' title='bbox 339 2338 481 2371; x_wconf 78' lang='lat' dir='ltr'><strong>exultat.</strong></span> <span class='ocrx_word' id='word_1_275' title='bbox 496 2355 538 2360; x_wconf 91' lang='lat'><strong>—-</strong></span> <span class='ocrx_word' id='word_1_276' title='bbox 564 2345 577 2361; x_wconf 87' lang='lat'>2</span> <span class='ocrx_word' id='word_1_277' title='bbox 593 2338 671 2370; x_wconf 85' lang='lat' dir='ltr'><strong>cod.</strong></span> <span class='ocrx_word' id='word_1_278' title='bbox 699 2339 792 2369; x_wconf 85' lang='lat' dir='ltr'><strong>Laur.</strong></span> <span class='ocrx_word' id='word_1_279' title='bbox 813 2350 882 2370; x_wconf 82' lang='lat' dir='ltr'><strong>non</strong></span> <span class='ocrx_word' id='word_1_280' title='bbox 901 2350 986 2371; x_wconf 75' lang='lat' dir='ltr'><strong>auro</strong></span> <span class='ocrx_word' id='word_1_281' title='bbox 1004 2337 1172 2371; x_wconf 68' lang='lat' dir='ltr'><strong>clavatam</strong></span> <span class='ocrx_word' id='word_1_282' title='bbox 1190 2336 1364 2375; x_wconf 77' lang='lat' dir='ltr'><strong>tunicam,</strong></span> <span class='ocrx_word' id='word_1_283' title='bbox 1382 2348 1452 2367; x_wconf 84' lang='lat' dir='ltr'><strong>non</strong></span> 
     </span>
     <span class='ocr_line' id='line_1_31' title="bbox 61 2391 1454 2437; baseline -0.001 -13"><span class='ocrx_word' id='word_1_284' title='bbox 61 2402 203 2437; x_wconf 80' lang='lat' dir='ltr'><strong>pompas</strong></span> <span class='ocrx_word' id='word_1_285' title='bbox 234 2391 404 2424; x_wconf 81' lang='lat' dir='ltr'><strong>radiantis</strong></span> <span class='ocrx_word' id='word_1_286' title='bbox 429 2393 562 2426; x_wconf 70' lang='lat' dir='ltr'><strong>occulto</strong></span> <span class='ocrx_word' id='word_1_287' title='bbox 586 2405 672 2425; x_wconf 80' lang='lat' dir='ltr'><strong>auro</strong></span> <span class='ocrx_word' id='word_1_288' title='bbox 692 2391 977 2425; x_wconf 75' lang='lat' dir='ltr'><strong>adornamentum</strong></span> <span class='ocrx_word' id='word_1_289' title='bbox 990 2410 1001 2433; x_wconf 64' lang='lat'><strong>,0</strong></span> <span class='ocrx_word' id='word_1_290' title='bbox 1027 2398 1058 2423; x_wconf 87' lang='lat' dir='ltr'><strong>et</strong></span> <span class='ocrx_word' id='word_1_291' title='bbox 1087 2395 1160 2434; x_wconf 79' lang='lat' dir='ltr'><strong>post</strong></span> <span class='ocrx_word' id='word_1_292' title='bbox 1183 2391 1264 2423; x_wconf 84' lang='lat' dir='ltr'><strong>male</strong></span> <span class='ocrx_word' id='word_1_293' title='bbox 1281 2391 1454 2433; x_wconf 77' lang='lat' dir='ltr'><strong>pretioso-</strong></span> 
     </span>
     <span class='ocr_line' id='line_1_32' title="bbox 67 2445 1448 2490; baseline -0.001 -12"><span class='ocrx_word' id='word_1_294' title='bbox 67 2457 152 2478; x_wconf 78' lang='lat' dir='ltr'><strong>rum.</strong></span> <span class='ocrx_word' id='word_1_295' title='bbox 172 2463 215 2469; x_wconf 89' lang='lat'><em>-</em></span> <span class='ocrx_word' id='word_1_296' title='bbox 241 2445 254 2470; x_wconf 84' lang='lat'>3</span> <span class='ocrx_word' id='word_1_297' title='bbox 266 2447 406 2484; x_wconf 85' lang='lat' dir='ltr'><strong>Verbum</strong></span> <span class='ocrx_word' id='word_1_298' title='bbox 424 2447 487 2481; x_wconf 84' lang='lat' dir='ltr'><strong>hoc</strong></span> <span class='ocrx_word' id='word_1_299' title='bbox 506 2459 570 2480; x_wconf 90' lang='lat' dir='ltr'><strong>non</strong></span> <span class='ocrx_word' id='word_1_300' title='bbox 588 2448 703 2490; x_wconf 78' lang='lat' dir='ltr'><strong>legitur</strong></span> <span class='ocrx_word' id='word_1_301' title='bbox 720 2448 753 2479; x_wconf 90' lang='lat' dir='ltr'><strong>in</strong></span> <span class='ocrx_word' id='word_1_302' title='bbox 771 2447 954 2489; x_wconf 83' lang='lat' dir='ltr'><strong>codicibus,</strong></span> <span class='ocrx_word' id='word_1_303' title='bbox 983 2448 1039 2480; x_wconf 86' lang='lat' dir='ltr'><strong>sed</strong></span> <span class='ocrx_word' id='word_1_304' title='bbox 1057 2447 1221 2479; x_wconf 76' lang='lat' dir='ltr'><strong>evidenter</strong></span> <span class='ocrx_word' id='word_1_305' title='bbox 1234 2446 1448 2478; x_wconf 82' lang='lat' dir='ltr'><strong>desideratur.</strong></span> 
     </span>
     <span class='ocr_line' id='line_1_33' title="bbox 67 2500 1451 2549; baseline 0.001 -17"><span class='ocrx_word' id='word_1_306' title='bbox 67 2519 109 2525; x_wconf 93' lang='lat'>—</span> <span class='ocrx_word' id='word_1_307' title='bbox 127 2500 143 2532; x_wconf 80' lang='grc'>4</span> <span class='ocrx_word' id='word_1_308' title='bbox 160 2503 237 2536; x_wconf 86' lang='lat' dir='ltr'><strong>God.</strong></span> <span class='ocrx_word' id='word_1_309' title='bbox 257 2505 352 2536; x_wconf 83' lang='lat' dir='ltr'><strong>Laur.</strong></span> <span class='ocrx_word' id='word_1_310' title='bbox 373 2502 494 2536; x_wconf 77' lang='lat' dir='ltr'><strong>sedens</strong></span> <span class='ocrx_word' id='word_1_311' title='bbox 512 2515 618 2549; x_wconf 79' lang='lat' dir='ltr'><strong>super</strong></span> <span class='ocrx_word' id='word_1_312' title='bbox 631 2504 805 2542; x_wconf 81' lang='lat' dir='ltr'><strong>nebulam,</strong></span> <span class='ocrx_word' id='word_1_313' title='bbox 822 2515 928 2548; x_wconf 78' lang='lat' dir='ltr'><strong>super·</strong></span> <span class='ocrx_word' id='word_1_314' title='bbox 943 2504 1095 2536; x_wconf 55' lang='lat' dir='ltr'><strong>l&#39;llarz&#39;am</strong></span> <span class='ocrx_word' id='word_1_315' title='bbox 1111 2503 1254 2536; x_wconf 79' lang='lat' dir='ltr'><strong>scilicet.</strong></span> <span class='ocrx_word' id='word_1_316' title='bbox 1282 2519 1323 2524; x_wconf 91' lang='lat'><strong>-—</strong></span> <span class='ocrx_word' id='word_1_317' title='bbox 1343 2500 1357 2524; x_wconf 80' lang='lat'><strong><em>5</em></strong></span> <span class='ocrx_word' id='word_1_318' title='bbox 1371 2503 1451 2534; x_wconf 89' lang='lat' dir='ltr'><strong>Cod.</strong></span> 
     </span>
     <span class='ocr_line' id='line_1_34' title="bbox 67 2556 1448 2603; baseline -0.001 -14"><span class='ocrx_word' id='word_1_319' title='bbox 67 2559 161 2589; x_wconf 85' lang='lat' dir='ltr'><strong>Laur.</strong></span> <span class='ocrx_word' id='word_1_320' title='bbox 182 2558 255 2590; x_wconf 78' lang='lat' dir='ltr'><strong>sine</strong></span> <span class='ocrx_word' id='word_1_321' title='bbox 272 2559 425 2603; x_wconf 82' lang='lat' dir='ltr'><strong>compari</strong></span> <span class='ocrx_word' id='word_1_322' title='bbox 438 2557 561 2591; x_wconf 79' lang='lat' dir='ltr'><strong>sidere.</strong></span> <span class='ocrx_word' id='word_1_323' title='bbox 581 2577 623 2582; x_wconf 83' lang='lat'><strong>-—</strong></span> <span class='ocrx_word' id='word_1_324' title='bbox 648 2556 663 2581; x_wconf 75' lang='grc'>6</span> <span class='ocrx_word' id='word_1_325' title='bbox 677 2560 755 2592; x_wconf 90' lang='lat' dir='ltr'><strong>Cod.</strong></span> <span class='ocrx_word' id='word_1_326' title='bbox 772 2562 855 2591; x_wconf 79' lang='lat' dir='ltr'><strong>Cass.</strong></span> <span class='ocrx_word' id='word_1_327' title='bbox 881 2558 1034 2591; x_wconf 76' lang='lat' dir='ltr'><strong>humilem</strong></span> <span class='ocrx_word' id='word_1_328' title='bbox 1051 2559 1152 2590; x_wconf 76' lang='lat' dir='ltr'><strong>minus</strong></span> <span class='ocrx_word' id='word_1_329' title='bbox 1172 2558 1267 2590; x_wconf 85' lang='lat' dir='ltr'><strong>bene.</strong></span> <span class='ocrx_word' id='word_1_330' title='bbox 1285 2576 1326 2580; x_wconf 95' lang='lat'><strong>—</strong></span> <span class='ocrx_word' id='word_1_331' title='bbox 1342 2566 1353 2590; x_wconf 75' lang='grc'>7</span> <span class='ocrx_word' id='word_1_332' title='bbox 1369 2558 1448 2590; x_wconf 66' lang='lat' dir='ltr'><strong>(Lod,</strong></span> 
     </span>
    </p>
   </div>
   <div class='ocr_carea' id='block_1_5' title="bbox 68 2613 1449 2700">
    <p class='ocr_par' dir='ltr' id='par_1_7' title="bbox 68 2613 1449 2700">
     <span class='ocr_line' id='line_1_35' title="bbox 68 2613 1449 2657; baseline -0.001 -13"><span class='ocrx_word' id='word_1_333' title='bbox 68 2614 161 2645; x_wconf 86' lang='lat' dir='ltr'><strong>Laur.</strong></span> <span class='ocrx_word' id='word_1_334' title='bbox 187 2613 548 2657; x_wconf 52' lang='lat' dir='ltr'><strong>incomprehensibilia.</strong></span> <span class='ocrx_word' id='word_1_335' title='bbox 572 2632 613 2638; x_wconf 90' lang='lat'><strong>——</strong></span> <span class='ocrx_word' id='word_1_336' title='bbox 638 2614 653 2638; x_wconf 71' lang='grc'><strong>8</strong></span> <span class='ocrx_word' id='word_1_337' title='bbox 670 2615 746 2647; x_wconf 77' lang='lat' dir='ltr'><strong>Cod.</strong></span> <span class='ocrx_word' id='word_1_338' title='bbox 780 2617 872 2647; x_wconf 83' lang='lat' dir='ltr'><strong>Laur.</strong></span> <span class='ocrx_word' id='word_1_339' title='bbox 911 2614 1116 2646; x_wconf 65' lang='lat' dir='ltr'><strong>lactabatur.</strong></span> <span class='ocrx_word' id='word_1_340' title='bbox 1148 2633 1187 2637; x_wconf 86' lang='lat'><strong>--</strong></span> <span class='ocrx_word' id='word_1_341' title='bbox 1218 2614 1322 2647; x_wconf 59' lang='lat' dir='ltr'><strong>asoa.</strong></span> <span class='ocrx_word' id='word_1_342' title='bbox 1355 2615 1449 2645; x_wconf 79' lang='lat' dir='ltr'><strong>Laur.</strong></span> 
     </span>
     <span class='ocr_line' id='line_1_36' title="bbox 70 2668 317 2700; baseline 0.004 -2"><span class='ocrx_word' id='word_1_343' title='bbox 70 2668 317 2700; x_wconf 69' lang='lat' dir='ltr'><strong>.5‘{1n111t·1‘1atzus.</strong></span> 
     </span>
    </p>
   </div>
  </div>
 </body>
</html>
