1803 3276
255 298 338 338 186
692 306 727 334 s.
761 300 994 332 Aucusrmt
1025 302 1209 331 EPISCOPI

250 392 336 438 que
361 372 529 419 facilius
557 380 623 417 est
650 369 920 417 eredendum
936 405 947 425 ,
972 367 1095 429 quod
1116 367 1299 414 foemina
1319 365 1644 414 adolescentula

252 449 376 507 virgo
391 445 588 492 divinum
613 459 790 504 germen
811 442 993 503 Spiritus
1010 441 1148 486 saneti
1177 440 1516 486 obumbratione
1543 456 1646 486 con-

249 519 365 581 cepit
384 554 394 573 ,
420 533 553 579 quam
572 515 706 571 illud,
727 513 847 575 quod
866 513 1023 574 pagani
1042 522 1254 568 asserunt,
1279 514 1495 556 Venerem
1511 548 1522 568 ,
1542 513 1645 573 quia

255 590 310 635 de
357 604 509 650 spuma
547 586 676 631 maris
717 600 874 645 eorpus
922 584 1114 645 accepit,
1149 593 1193 628 et
1222 583 1465 628 Minervam
1494 582 1647 628 dicunt

254 661 357 723 quia
377 661 432 705 de
453 658 633 704 cerebro
651 673 730 702 suo
754 656 873 701 Jovis
890 657 903 682 ¹
926 655 1162 716 generavit.
1188 655 1226 699 Ο
1247 654 1404 715 pagani
1421 654 1643 712 insensati,

251 742 294 778 et
327 729 581 784 miserrimi,
607 729 641 773 si
664 727 747 772 11115
781 727 904 772 vanis
936 727 1243 772 assertionibus
1270 726 1422 771 vestris
1447 725 1643 783 creditis,

252 820 330 849 cur
347 803 403 848 de
424 801 580 847 nostris
603 799 807 845 fidelibus
829 808 872 845 et
894 800 1050 845 sanctis
1066 797 1453 860 praedicationibus
1476 798 1649 844 dubita-

254 875 336 920 tis?
380 872 511 929 Quod
533 887 634 931 ergo
664 871 720 917 de
757 871 1066 928 monstruosis,
1099 880 1143 915 et
1163 870 1377 931 portentis
1414 870 1567 915 vestris
1589 870 1649 916 ita

252 945 455 1001 creditis,
493 959 629 1006 quare
663 959 753 989 non
787 943 950 988 virtute
982 943 1060 988 Dei
1095 942 1182 988 vivi
1205 951 1449 1003 quaerentes
1478 939 1651 987 facilius

251 1019 483 1065 invenitis?
509 1020 623 1062 Ecce
647 1033 725 1062 nos
746 1017 907 1062 virtute
938 1016 1012 1060 Dei
1047 1015 1185 1061 nostri
1208 1013 1477 1060 ostendimus
1502 1014 1649 1074 Virgi-

253 1107 355 1136 nem
384 1091 614 1150 concipere
636 1105 785 1150 posse,
817 1098 862 1133 et
883 1103 1102 1147 generare.
1130 1085 1257 1132 Unde
1279 1086 1461 1147 aecipite
1482 1101 1620 1146 pauca
1635 1121 1648 1143 ,

248 1179 349 1224 quae
370 1161 574 1207 omnibus
592 1171 695 1205 nota
713 1168 817 1205 sunt
839 1169 882 1204 et
901 1158 1131 1204 manifesta
1143 1161 1176 1203 ².
1196 1161 1310 1218 Apes
1332 1157 1533 1202 novimus
1561 1155 1650 1202 foe-

251 1243 345 1277 tum
369 1232 497 1277 edere
513 1267 524 1288 ,
551 1241 594 1276 et
616 1231 816 1292 conjugia
846 1247 937 1276 non
957 1230 1137 1275 habere.
1161 1231 1205 1276 Si
1230 1244 1335 1289 ergo
1359 1243 1486 1289 apem
1508 1228 1649 1274 credis

249 1320 340 1349 esse
357 1314 543 1349 matrem
566 1312 610 1348 et
626 1303 837 1362 virginem
856 1339 867 1359 ,
892 1318 972 1347 cur
991 1318 1083 1348 non
1097 1301 1236 1347 credis
1251 1300 1435 1347 Mariam
1453 1310 1648 1346 sanctam

249 1375 409 1422 foetum
437 1375 530 1421 sine
561 1375 845 1436 corruptione
885 1372 1113 1436 proferre?
1149 1375 1268 1434 Ergo
1304 1387 1436 1437 nemo
1474 1372 1649 1418 dubitet

249 1456 403 1492 natum
439 1447 664 1493 Christum
688 1446 744 1491 de
761 1446 925 1507 Spiritu
947 1454 1097 1490 sancto
1114 1453 1158 1489 et
1173 1444 1341 1503 virgine
1357 1443 1509 1500 Maria,
1528 1443 1651 1505 quod

248 1520 304 1564 31)
320 1518 496 1580 Angelis
518 1519 773 1564 nuntiatum
791 1517 975 1563 credidit
995 1518 1197 1563 universa
1218 1517 1415 1562 humana
1442 1525 1616 1561 natura.

310 1594 393 1636 III.
431 1591 517 1637 Sed
544 1592 636 1654 jam
672 1606 775 1637 cum
806 1589 1045 1653 aliquando
1069 1589 1258 1635 convicti
1288 1584 1446 1650 pagani
1469 1589 1648 1633 erubes-

248 1672 356 1708 cunt
373 1698 385 1719 ,
416 1662 587 1708 addunt
620 1671 665 1708 01
685 1662 841 1708 (11011111
866 1682 875 1708 :
909 1662 1119 1708 Possibile
1152 1659 1332 1722 quidem
1356 1658 1442 1705 suit
1463 1666 1549 1706 Deo
1564 1697 1575 1717 ,
1600 1669 1650 1705 111

249 1734 383 1793 Virgo
418 1734 693 1795 conciperet,
727 1743 771 1779 et
795 1743 994 1795 pareret,
1020 1732 1097 1778 sed
1117 1732 1346 1792 indignum
1367 1731 1542 1778 videtur
1571 1744 1656 1777 311-’

249 1803 343 1849 dire
359 1841 370 1861 ,
388 1804 510 1866 quod
524 1814 644 1850 131113
659 1804 733 1850 1113
754 1806 953 1867 majestas
973 1820 1054 1866 per
1078 1804 1286 1865 genitales
1308 1802 1505 1856 foeminae
1526 1811 1649 1849 tran-

248 1878 355 1921 situs
373 1876 631 1937 pollutionis
659 1877 814 1922 itinera
828 1877 1091 1937 pertransire
1105 1876 1296 1922 voluerit
1306 1878 1340 1932 3,
1355 1877 1435 1920 ubi
1450 1870 1651 1938 quamvis

248 1946 370 1992 nulla
387 1947 520 1992 fuerit
541 1947 725 1993 carnalis
739 1957 910 1993 natura}
924 1948 1192 2004 commixtio,
1210 1947 1294 1992 fuit
1308 1956 1456 1992 tamen
1468 1951 1560 1993 Deo
1572 1960 1651 2008 per

250 2019 370 2063 illam
389 2029 642 2065 transeunte
664 2019 849 2065 carnalis
871 2019 1076 2081 pollutio.
1095 2019 1236 2076 Audi,
1256 2018 1464 2080 insipiens
1484 2017 1648 2076 Homo,

250 2090 326 2151 qui
343 2089 446 2134 talia
468 2089 602 2136 audes
622 2089 746 2153 loqui
764 2090 819 2136 de
839 2094 929 2136 Deo
947 2112 956 2149 3
977 2101 1027 2136 tu
1043 2091 1138 2136 haee
1160 2090 1216 2136 de
1233 2092 1438 2138 Creatore
1456 2089 1562 2136 (11015
1575 2103 1650 2136 ore

251 2162 509 2219 temerario,
527 2179 605 2208 nos
623 2162 811 2208 formam
828 2171 1038 2208 creaturae
1056 2161 1209 2207 damus
1226 2163 1272 2207 in
1289 2163 1581 2219 mensuram‘ff,
1598 2172 1651 2208 ut

250 2234 385 2294 possit
399 2234 444 2278 in
457 2243 499 2280 te
511 2235 716 2280 vanitatis
732 2245 816 2281 tuae
829 2236 1119 2281 conticescere
1130 2249 1286 2279 sermo.
1307 2234 1381 2280 Sol
1397 2244 1513 2279 certe
1527 2250 1650 2280 erea-

253 2316 347 2351 tura
372 2317 437 2352 est
463 2307 693 2354 Salvator-is
709 2345 719 2364 ,
746 2307 801 2353 de
831 2323 920 2370 quo
951 2318 1001 2353 tu
1037 2305 1229 2367 loqueris
1245 2343 1256 2363 ,
1281 2307 1359 2368 qui
1379 2307 1535 2352 transit
1570 2323 1649 2368 per

253 2378 461 2424 obscoena
479 2389 523 2424 et
540 2380 713 2426 sordida
734 2380 846 2437 loca,
863 2381 910 2425 in
926 2397 1014 2441 qua
1032 2378 1204 2424 radium
1221 2395 1310 2424 suae
1327 2378 1436 2424 lueis
1460 2378 1649 2438 infulget

251 2459 296 2494 et
326 2451 414 2511 ipse
445 2449 557 2495 nihil
572 2454 585 2477 ⁵
607 2467 660 2497 ex
677 2453 742 2497 his
764 2452 1020 2513 pollutionis
1042 2451 1428 2513 inquinamentum
1450 2451 1641 2497 assumit.

300 2565 310 2582 ¹
326 2559 419 2592 Jovz's
438 2559 633 2592 nominative
651 2572 708 2604 pro
726 2562 872 2608 Jupiter.
892 2561 972 2594 Vide
989 2561 1030 2593 de
1045 2560 1182 2593 Cis-itate
1200 2561 1276 2603 Dei,
1301 2559 1358 2593 lib.
1375 2572 1417 2593 xx
1430 2586 1442 2604 ,
1457 2571 1528 2604 cap.
1551 2570 1648 2593 12.—

254 2622 266 2638 2
282 2615 359 2647 Vide
372 2614 427 2647 lib.
443 2627 502 2659 111,
523 2617 564 2649 de
579 2618 749 2661 Trinitate,
767 2629 798 2649 n.
823 2618 876 2650 13.
899 2635 941 2640 -
966 2615 1087 2651 3Deest
1106 2617 1138 2649 iu
1155 2617 1232 2650 Cod.
1254 2617 1418 2660 voluerit,
1436 2618 1521 2660 quod
1537 2617 1647 2661 requi-

252 2677 294 2711 rit
306 2687 424 2711 sensus.
441 2691 483 2698 —-
506 2672 523 2703 4
541 2674 617 2707 cod.
634 2674 701 2708 sine
723 2684 816 2708 sensu
833 2674 1018 2724 immensio.
1046 2691 1088 2698 ·--
1112 2672 1128 2698 5
1145 2673 1246 2709 Nihil
1268 2685 1326 2718 pro
1344 2674 1486 2710 nullum.
