1803 3276
303 259 357 298 72
734 269 768 296 s.
805 267 1033 296 Auccs'rim
1068 268 1249 296 EPlsCOPI

301 334 465 381 miliata
484 333 742 378 sublimitas.
762 333 845 378 Sed
868 334 926 378 ita
949 344 1012 379 est
1030 333 1255 378 humiliata
1271 333 1501 389 D1vinitas,
1526 342 1576 377 ut
1597 348 1686 378 non

301 407 520 452 amitteret
546 404 667 466 quod
691 406 823 450 habet
842 405 885 451 in
909 415 1062 450 natura
1077 405 1290 461 veritatis,
1316 415 1360 449 et
1382 414 1528 450 tamen
1548 404 1688 452 virtu-

302 487 389 522 tem
417 485 608 522 sumeret
629 476 856 521 infirmitas
879 492 929 520 ex
951 476 1210 522 commercio
1235 475 1495 521 Divinitatis.

364 551 441 594 ΙΧ.
470 552 652 593 Factum
687 558 750 593 est
779 558 830 593 ut
851 548 1126 608 Evangelista
1150 557 1329 593 testatus
1351 556 1440 605 est,
1463 547 1600 592 virtus
1621 547 1691 592 in-

300 621 506 665 firmitate
521 620 711 664 emicuit.
731 623 845 664 Deus
860 635 1035 666 carnem
1050 621 1109 665 ita
1126 635 1177 664 ex
1190 620 1379 680 Virginis
1396 619 1544 664 matris
1560 618 1691 665 vulva

299 691 511 751 suscepit,
538 700 588 735 ut
607 706 696 736 non
718 701 943 751 praeeunte
965 691 1248 736 seminatione
1272 690 1435 736 carnali
1457 706 1558 736 caro
1579 690 1691 735 exis-

300 771 427 818 teret,
452 760 528 805 sed
549 776 599 806 ex
617 761 868 821 operatione
887 760 1053 806 coelesti
1079 770 1123 805 et
1144 761 1453 822 conjunctione
1474 761 1625 820 Verbi,
1649 769 1692 806 et

297 848 418 889 cum,
445 833 581 878 nimio
601 833 842 878 affectionis
865 833 1094 890 desiderio,
1111 832 1209 878 vult
1224 833 1450 878 hominem
1473 848 1688 894 reparare,

299 905 524 951 hominem
554 904 807 950 reformavit
837 904 883 949 in
904 904 1100 960 homine,
1125 913 1170 949 et
1190 905 1404 964 virginem
1425 919 1601 950 carnem
1622 918 1695 948 as·

297 977 483 1037 sumpsit
512 992 562 1021 ex
590 977 780 1035 Virgine.
806 975 981 1021 Amavit
1012 985 1054 1020 te
1080 977 1363 1020 Homo-Deus
1379 1010 1390 1031 ,
1424 985 1468 1021 et
1490 975 1595 1021 fecit
1616 990 1660 1020 se
1677 1010 1689 1032 ,

298 1057 478 1109 propter
501 1057 571 1104 te,
607 1048 831 1093 hominem
864 1050 993 1092 Deus.
1027 1047 1225 1107 Suscepit
1247 1055 1311 1102 te,
1344 1055 1387 1091 et
1413 1046 1599 1107 subjecit
1620 1061 1690 1102 se,

298 1118 510 1180 Apostolo
522 1118 696 1165 dicente
713 1139 722 1164 :
745 1139 763 1161 «
783 1122 835 1164 Se
845 1119 988 1179 ipsum
1002 1118 1253 1174 exinanivit,
1266 1117 1454 1163 formam
1462 1118 1571 1163 servi
1584 1116 1693 1162 acci-

296 1205 321 1231 »
353 1191 493 1251 piens,
519 1189 565 1234 in
586 1189 869 1234 similitudine
885 1189 1073 1235 hominis
1085 1188 1362 1244 constitutus,
1383 1198 1426 1233 et
1443 1188 1600 1234 habitu
1620 1188 1692 1233 in-

300 1278 322 1301 »
347 1269 503 1305 ventus
526 1269 576 1305 ut
595 1261 744 1305 homo.
771 1263 955 1320 Propter
973 1259 1096 1321 quod
1112 1268 1157 1305 et
1176 1263 1293 1305 Deus
1307 1258 1512 1305 exaltavit
1529 1275 1631 1305 eum
1651 1269 1695 1306 et

302 1348 324 1372 n
359 1329 540 1375 donavit
561 1330 600 1375 ei
627 1346 791 1376 nomen
823 1329 945 1392 quod
967 1339 1183 1390 estsuper
1216 1345 1347 1375 omne
1377 1345 1538 1374 nomen
1555 1332 1640 1389 (a).
1669 1348 1692 1372 »

299 1402 489 1447 Inanivit
503 1417 547 1447 se
561 1437 572 1458 ,
589 1411 634 1446 et
649 1401 848 1462 implevit
865 1410 907 1446 te
925 1421 934 1447 ι
951 1400 1136 1446 inanivit
1147 1416 1190 1445 se
1206 1400 1417 1457 claritate,
1434 1409 1477 1445 et
1489 1399 1693 1461 implevit

298 1482 358 1518 te.
381 1472 615 1518 Inclinavit
637 1488 696 1527 se,
718 1481 762 1517 et
788 1472 923 1517 erexit
949 1481 1007 1516 te.
1034 1470 1142 1516 Inde
1168 1471 1361 1534 denique
1383 1488 1461 1533 per
1485 1472 1696 1533 Spiritum

296 1554 498 1591 sanctum
526 1545 746 1605 Propheta
783 1542 1061 1604 psalmidicus
1093 1544 1314 1589 cantavit:
1343 1563 1365 1587 «
1389 1545 1599 1601 Domine,
1624 1545 1696 1589 in·-

298 1634 322 1658 »
357 1615 470 1661 clina
493 1614 628 1660 coelos
644 1651 655 1671 ,
681 1624 724 1660 et
746 1613 960 1660 descende
983 1613 1065 1674 (h).
1086 1633 1106 1656 »
1134 1613 1367 1660 Descendit
1394 1614 1450 1660 ad
1479 1625 1521 1660 te
1537 1651 1548 1671 ,
1574 1625 1625 1660 ut
1646 1625 1697 1661 tu

298 1686 552 1733 ascenderes
574 1687 630 1732 ad
652 1703 778 1745 eum,
803 1696 846 1733 et
870 1696 1043 1732 tantum
1066 1686 1293 1733 inclinavit
1313 1703 1384 1744 se,
1409 1696 1460 1732 ut
1481 1687 1558 1748 qui
1583 1689 1696 1733 mori

299 1774 391 1805 non
412 1769 538 1804 norat
559 1775 609 1804 ex
631 1774 692 1815 se,
712 1768 956 1804 moreretur
976 1774 1057 1819 pro
1080 1767 1148 1815 te,
1170 1757 1245 1804 sed
1264 1768 1411 1804 tamen
1433 1759 1488 1803 ab
1511 1775 1571 1815 se,
1595 1760 1698 1820 quia

297 1829 380 1875 nisi
401 1829 535 1874 vellet
570 1830 706 1886 mori,
743 1846 858 1875 mors
891 1830 930 1875 ei
963 1846 1054 1875 non
1075 1838 1249 1889 poterat
1270 1829 1514 1889 dominari,
1549 1839 1592 1875 et
1614 1830 1696 1876 nisi

296 1900 430 1947 hodie
448 1900 581 1946 vellet
602 1901 742 1957 nasci,
768 1918 858 1947 non
880 1908 1027 1962 posset
1057 1901 1195 1946 teneri
1228 1901 1482 1947 conditione
1513 1901 1691 1948 carnali.

298 1972 451 2018 Voluit
472 1989 576 2033 ergo
599 1973 742 2030 nasci,
778 1982 829 2018 ut
861 1972 994 2018 vellet
1026 1982 1070 2018 et
1099 1973 1227 2018 mori.
1267 1973 1378 2027 Quia
1399 1973 1480 2019 nisi
1503 1974 1695 2035 primum

297 2060 474 2092 carnem
490 2045 632 2090 libens
654 2046 842 2101 subiret,
870 2046 916 2090 in
937 2045 1153 2102 secundo,
1180 2044 1293 2090 nulli
1314 2061 1358 2090 se
1382 2046 1570 2106 passioni
1587 2045 1695 2092 sub-

293 2116 463 2177 jiceret,
476 2132 556 2162 nec
565 2132 681 2162 mors
694 2117 861 2162 adeum
875 2126 1018 2178 posset
1027 2117 1247 2173 accedere,
1263 2117 1344 2161 nisi
1358 2116 1490 2162 vellet
1499 2133 1691 2174 carnem,

294 2203 396 2248 quae
418 2187 551 2232 habet
573 2187 871 2234 conditionem
895 2188 1126 2244 moriendi,
1164 2187 1396 2248 suscipere.
1434 2187 1518 2232 Sed
1550 2203 1695 2249 neque

297 2259 388 2319 ipsa
405 2274 504 2303 caro
522 2259 633 2304 mori
659 2268 817 2319 posset,
840 2259 922 2304 nisi
935 2258 1142 2305 voluisset
1156 2294 1167 2315 ‚
1193 2260 1286 2320 ipso
1307 2258 1479 2304 dicente
1501 2279 1510 2304 :
1531 2277 1551 2302 «
1573 2262 1694 2304 Pono

299 2347 320 2372 >a
362 2331 547 2375 animam
574 2346 713 2375 meam
735 2347 758 2375 a
781 2346 874 2386 me,
904 2340 948 2376 et
975 2346 1104 2376 nemo
1125 2330 1294 2376 auferet
1326 2344 1421 2373 eam
1445 2346 1468 2374 a
1490 2345 1584 2389 me,
1617 2331 1693 2376 sed

357 2418 437 2461 ego
467 2418 583 2462 pono
611 2418 705 2446 eam
732 2418 755 2446 a
789 2417 873 2446 me.
901 2406 1164 2446 Potestateni
1201 2402 1343 2446 habeo
1379 2400 1572 2461 ponendi
1597 2402 1692 2446 ani-

356 2490 471 2518 mam
518 2489 688 2531 meani3
724 2484 766 2518 et
802 2483 1062 2534 potestatem
1094 2474 1235 2518 habeo
1272 2474 1433 2518 iterum
1485 2472 1687 2518 sumendi

356 2561 448 2589 eam
468 2547 575 2602 ((·).»
600 2545 733 2590 Nobis
756 2554 1008 2590 autemnon
1031 2544 1270 2606 prodesset,
1291 2544 1371 2589 nisi
1395 2545 1505 2590 mori
1522 2544 1686 2590 voluis-

299 2419 310 2443 )

312 2420 320 2441 ν

300 2492 309 2514 )

311 2493 319 2514 v

300 2563 310 2585 )

312 2565 320 2585 v

342 2642 380 2679 ''s-
407 2641 505 2685 ΡΜΗΙ)
539 2650 607 2684 1·,’;
632 2652 663 2684 9.
686 2659 726 2667 κ·
754 2642 791 2682 ζῖιζ
814 2642 894 2675 rsa).
913 2653 1016 2685 cuin:
1036 2641 1066 2675 5.
1092 2658 1133 2668 -
1157 2642 1309 2683 ‘1·)Joan.
1332 2651 1364 2683 x,
1387 2651 1446 2684 ις,
1470 2642 1522 2676 18.
