1803 3276
399 241 538 270 senno
571 243 614 270 x.
650 244 693 270 m
728 241 885 270 ΝΑΤΑιι
921 243 1077 269 nomm
1113 245 1170 269 iv.
1417 235 1472 270 99

87 309 194 355 mini
226 309 439 355 elementa
474 308 803 367 demonstrant,
835 318 878 353 et
905 309 1018 354 inter
1038 308 1135 353 solis
1159 309 1315 364 radios,
1342 309 1479 355 stellae

89 395 238 425 cursus
254 380 410 426 clarius
431 381 642 425 enitescit.

148 453 224 496 IV.
239 452 474 497 Videamus
490 452 623 511 igitur
639 451 747 513 quid
769 451 849 496 sibi
861 451 1097 497 voluerunt
1110 454 1337 509 Magorum
1360 467 1476 509 mys-

88 523 173 568 tica
194 538 377 568 munera
410 523 523 567 inter
552 522 720 583 abjecta
748 522 971 582 praesepia,
998 522 1078 567 nisi
1108 531 1158 566 ut
1184 521 1479 581 intelligamus

88 594 135 638 in
147 593 369 639 Christum
388 592 681 638 differentiam
703 593 947 638 Divinitatis
969 602 1012 637 ct
1029 593 1186 637 carnis.
1208 593 1413 638 Cernitur
1428 603 1479 638 ut

88 665 238 719 homo,
263 663 471 708 adoratur
492 667 692 721 utDeus3
706 664 823 725 jacet
840 663 885 708 in
906 664 1075 723 pannis,
1098 663 1239 723 fulget
1260 664 1304 708 in
1331 664 1479 709 stellis.

89 738 227 783 Cunae
245 745 495 780 nascentem
508 734 720 792 indicant,
735 735 872 780 stellae
886 735 1185 780 dominantem
1202 736 1479 781 annuntiant.

89 808 202 854 Caro
222 815 287 859 est
307 822 407 867 quae
428 805 690 862 involvitur,
717 806 927 852 Divinitas
950 823 1050 868 quae
1072 807 1303 865 adoratur,
1330 811 1484 854 Pasto-

89 891 155 924 res
176 876 374 922 exultant
385 876 432 921 in
444 885 574 932 terra,
590 876 745 936 Angeli
758 876 964 923 laetantur
985 879 1031 923 in
1052 877 1191 923 coelis.
1212 880 1339 923 Nunc
1353 879 1485 923 etiam

88 947 313 994 videamus
334 963 434 1008 quse
451 957 554 992 sunt
567 963 765 1004 munera,
783 964 883 1008 quae
905 964 995 993 non
1012 949 1187 1007 ignarus
1204 949 1311 1007 Regi
1329 951 1482 1006 Magus

89 1018 531 1064 obtulerit.Afferunt
545 1033 717 1074 aurum,
743 1018 788 1063 id
808 1029 888 1074 est,
912 1028 1173 1079 potestatem
1195 1019 1369 1064 Domini
1382 1034 1486 1064 con-

89 1090 284 1135 fitentur.
325 1090 443 1134 Thus
473 1089 722 1150 subjciunt3
762 1093 852 1135 Deo
875 1090 1131 1135 sacrificium
1155 1090 1482 1150 repromittunt.

89 1161 269 1220 Myrrha
285 1169 532 1221 praestatur,
553 1170 603 1206 ut
620 1177 798 1221 passuro
815 1162 986 1222 corpori
1005 1161 1284 1207 condimenta
1300 1177 1390 1206 non
1407 1160 1486 1205 de·-

90 1232 191 1278 sint.
217 1235 311 1277 Rex
325 1248 431 1276 auro
447 1241 730 1288 monstratur,
755 1235 870 1278 Deus
892 1233 1021 1277 thure
1043 1233 1336 1291 cognoscitur,
1362 1248 1486 1293 scpe-

89 1302 287 1349 liendum
308 1303 487 1362 myrrha
509 1303 722 1362 designat.
743 1306 890 1348 Unum
910 1307 1050 1348 Deum
1065 1304 1295 1364 Prophetae
1314 1320 1485 1348 annun-

92 1373 225 1430 tiant,
250 1383 294 1419 et
315 1373 512 1434 Apostoli
536 1373 769 1432 dixerunt,
809 1374 926 1433 Magi
961 1373 1264 1429 crediderunt,
1290 1384 1333 1418 ct
1355 1375 1479 1430 thus,

92 1462 271 1502 aurum,
302 1447 524 1504 myrrham
545 1446 600 1490 ad
624 1446 784 1491 Christi
810 1446 1031 1490 cunabula
1059 1445 1331 1491 detulerunt.
1366 1449 1483 1505 Ergo

90 1533 191 1572 nos,
223 1520 395 1561 Fratres
415 1516 677 1572 charissimi,
716 1531 855 1560 unum
878 1520 1019 1561 Deum
1043 1516 1294 1573 timeamus,
1313 1526 1362 1561 ut
1389 1517 1480 1577 ipse

91 1588 240 1644 nobis,
271 1604 372 1650 quae
412 1588 529 1634 bona
571 1597 673 1633 sunt
711 1597 916 1648 prtestare
946 1587 1176 1647 dignetur,
1213 1604 1291 1648 per
1333 1591 1485 1633 Jesum

89 1659 312 1708 Christum
324 1659 561 1706 Dominum
578 1669 791 1717 nostrum,
811 1660 890 1721 qui
906 1669 972 1706 est
984 1660 1242 1705 benedictus
1261 1660 1305 1705 in
1322 1660 1484 1706 saecula

93 1732 369 1780 saeculorum.
395 1734 551 1778 Amen.
