1803 3276
259 289 338 324 2²18
682 298 714 323 s.
753 296 982 323 AUGI'STINI
1016 294 1197 321 muscom

254 363 390 420 ginis.
414 361 557 404 Habet
581 360 729 421 itaque
754 361 965 416 Christus,
992 368 1228 420 perpetuus
1252 372 1341 414 rex,
1366 356 1528 417 regiam
1554 353 1642 399 ful-

255 433 547 492 gentissimam
571 448 810 493 purpuram
834 432 1068 493 passionis,
1098 439 1318 491 sceptrum
1332 425 1477 488 regni,
1499 426 1645 472 sedem

247 504 418 566 judicii,
444 504 751 550 consistorium
768 503 1085 549 venerandum.
1112 506 1266 548 Passus
1285 511 1351 548 est
1363 517 1443 563 pro
1460 497 1647 546 creden-

256 577 391 634 tibus,
411 586 672 637 regnaturus
695 576 945 632 estsanctis,
966 575 1242 638 judicaturus
1261 583 1326 619 est
1347 583 1643 619 contumaces.

252 651 351 694 Non
384 647 567 693 rebellet
595 647 792 704 medico,
826 648 902 709 qui
931 663 1060 692 sanus
1093 662 1184 691 esse
1206 643 1424 692 desiderat
1447 666 1460 706 3
1484 644 1650 690 amicus

254 719 430 764 siiturus
453 719 560 778 regi,
585 718 620 764 si
635 734 733 763 reus
754 734 844 763 esse
861 718 1068 775 noluerit,
1089 717 1254 764 credat.

314 793 390 835 IV.
429 789 664 835 Descendit
697 790 752 834 de
777 789 924 847 coelis,
954 791 1078 851 cujus
1107 790 1229 850 origo
1262 787 1452 835 coelestis
1486 799 1573 847 est,
1610 800 1654 837 et

252 859 479 906 descendit
495 861 552 906 ad
572 860 751 917 inferos,
777 870 828 906 ut
849 861 1076 906 hominem
1091 860 1316 918 liberaret,
1333 870 1385 906 ut
1404 877 1538 923 quem
1551 877 1654 923 pas-

251 933 314 978 sio
336 933 477 978 crucis
498 932 806 979 humiliaverat
826 933 873 977 in
894 941 1058 989 morte,
1084 931 1273 978 coelestis
1306 931 1554 978 sublimitas
1582 949 1654 978 re-

251 1015 504 1065 surgentem
536 1005 674 1051 victor
706 1005 944 1067 susciperet
976 1021 1078 1050 cum
1112 1005 1356 1066 triumpho.
1391 1003 1656 1051 Incredibile

251 1086 331 1132 cst,
357 1076 434 1122 sed
456 1077 622 1122 facturn
645 1087 724 1134 est,
753 1087 797 1122 ct
819 1076 1052 1122 salubriter
1073 1075 1284 1133 creditur,
1323 1075 1446 1138 quod
1467 1076 1656 1122 fideliter

252 1148 532 1210 praedicatur3
552 1149 599 1193 in
621 1149 820 1208 passione
842 1149 958 1194 enim
992 1149 1168 1194 Domini
1189 1147 1254 1193 sol
1274 1164 1318 1193 se
1340 1147 1538 1205 abstulit,
1565 1147 1654 1194 du-

251 1219 425 1281 plicatae
435 1229 539 1264 sunt
556 1220 768 1276 tenebrae,
790 1219 882 1265 dies
895 1218 1026 1280 fugit,
1051 1235 1138 1265 nox
1156 1220 1414 1280 importuna
1431 1220 1653 1278 successit,

250 1291 408 1336 invasit
426 1290 542 1336 vices
565 1289 748 1347 alienas,
783 1290 895 1336 lucis
918 1290 1216 1352 splendorem¹
1242 1289 1465 1348 confudit,
1497 1291 1657 1337 mundi

249 1362 408 1410 faciem
440 1362 718 1423 obscuravit,
742 1363 923 1409 crudele
950 1362 1235 1425 parricidium
1267 1374 1382 1410 astra
1415 1364 1653 1422 fleverunt,

249 1435 356 1482 luna
377 1451 580 1496 percussa
609 1451 712 1480 cum
733 1433 867 1481 fratre
888 1435 1182 1498 colloquitur,
1208 1445 1486 1499 expectantes
1514 1434 1657 1498 plebis

250 1506 450 1554 Juda'l'cae
477 1505 800 1553 crudelitatem.
835 1507 906 1554 Sic
942 1507 1157 1555 Dominus
1186 1511 1312 1557 Jesus
1334 1509 1534 1556 Christus
1554 1509 1658 1554 hos-

251 1588 342 1623 tem
365 1580 600 1625 robustum
628 1589 673 1625 et
693 1579 933 1625 immanem
954 1579 1185 1626 diabolum
1203 1616 1215 1638 ,
1247 1579 1404 1626 debilis
1419 1584 1437 1608 ²
1464 1578 1625 1625 fortem
1641 1612 1655 1638 ‚

251 1649 427 1696 inermis
448 1660 691 1708 armatum,
715 1651 1010 1698 monomacho
1031 1651 1205 1713 praelio3
1224 1652 1343 1698 solus
1356 1650 1521 1709 solum,
1547 1651 1658 1696 alter
1678 1664 1680 1670 ’

254 1730 308 1767 ut
322 1723 338 1747 4
381 1722 524 1768 David
567 1732 721 1768 contra
755 1722 925 1768 Goliam
939 1758 951 1780 ,
998 1723 1162 1770 devicit
1183 1725 1225 1783 ⁵3
1266 1723 1475 1785 depositis
1522 1721 1659 1769 vesti-

250 1793 426 1850 mentis,
445 1794 614 1839 nudato
635 1794 682 1838 in
698 1809 828 1839 cruce
850 1809 1050 1855 corpore,
1075 1795 1310 1840 tricenario
1316 1795 1494 1857 juvenis
1507 1803 1656 1840 noster

252 1880 383 1921 anno,
409 1881 499 1910 non
522 1865 667 1924 gladio
690 1864 939 1923 diabolum,
955 1866 1033 1911 sed
1053 1867 1195 1912 crucis
1213 1866 1337 1913 radio
1351 1867 1654 1928 triumphavit.

252 1935 486 1981 Descendit
513 1937 569 1982 ad
605 1937 802 1993 inferna,
839 1937 1053 1998 oppressit
1083 1937 1276 1994 inferos,
1311 1937 1517 1984 liberavit
1548 1954 1660 2000 quos

251 2008 342 2069 ipse
370 2008 512 2053 voluit
546 2025 670 2065 suos,
705 2009 784 2070 qui
812 2019 911 2070 post
941 2011 1326 2056 Resurrectionem
1347 2025 1472 2056 suam
1507 2009 1660 2057 docuit

253 2079 499 2140 Discipulos
511 2096 626 2125 suos.
644 2083 762 2140 Ergo
773 2096 875 2125 cum
888 2080 1034 2137 docet,
1046 2081 1155 2126 ratio
1164 2091 1229 2127 est
1240 2103 1251 2141 3
1267 2098 1368 2127 cum
1381 2081 1570 2143 judicat,
1587 2080 1660 2128 lex

252 2159 317 2194 est
333 2171 344 2208 3
361 2166 461 2194 cum
484 2149 658 2207 liberat,
673 2151 808 2211 gratia
827 2161 892 2196 est
908 2172 919 2210 3
934 2167 1037 2197 cum
1053 2152 1235 2213 patitur,
1258 2152 1350 2199 ovis
1362 2162 1450 2212 est3
1471 2168 1574 2198 cum
1587 2168 1658 2198 se-

250 2220 413 2282 pelitur
424 2257 436 2278 ,
454 2222 589 2267 homo
604 2232 691 2281 est,
709 2239 812 2268 cum
833 2223 1022 2283 resurgit
1033 2258 1044 2280 ,
1064 2226 1180 2269 Deus
1193 2233 1272 2269 est.
1285 2224 1372 2278 Qui
1387 2224 1516 2269 etiam
1528 2224 1657 2270 nobis

252 2303 351 2352 post
374 2294 778 2350 Resurrectionem,
801 2310 935 2356 quam
964 2295 1057 2355 ipse
1081 2295 1210 2341 nobis
1242 2295 1442 2356 promisit
1457 2331 1468 2352 ,
1494 2311 1656 2341 munus

252 2364 485 2424 impertiet.
514 2368 597 2410 Dat
615 2366 795 2411 terrenis
813 2364 1006 2411 coelestia
1022 2402 1033 2421 ,
1065 2366 1327 2412 mortalibus
1350 2367 1656 2412 immortalita-

255 2444 356 2489 tem,
383 2435 668 2481 cadaveribus
693 2437 858 2481 animas
880 2437 1157 2497 respirantes,
1178 2437 1354 2483 caducis
1379 2439 1655 2483 resurrectio-

253 2522 369 2562 nem,
388 2507 521 2550 vitam
539 2509 738 2564 mortuis,
756 2507 941 2553 salutem
958 2507 1105 2553 denuo
1124 2509 1345 2569 reparatis.
1367 2511 1482 2568 Ergo
1496 2518 1538 2554 et
1557 2526 1650 2565 nos,

301 2620 432 2653 ¹(loilex
454 2620 535 2652 male
558 2619 704 2664 pudore.
732 2639 774 2644 —
800 2623 935 2655 ’Codex
958 2634 1024 2666 per·
1045 2623 1175 2655 vir-um.
1205 2641 1248 2647 —-
1273 2622 1379 2656 3Vide
1403 2626 1505 2657 Serm.
1534 2636 1649 2666 xxxxi,

254 2687 285 2706 n.
309 2676 346 2716 3,
372 2676 426 2709 ubi
452 2677 492 2708 du*
510 2677 806 2710 Moriornzu·liia.-—-·'0
819 2678 926 2710 Codex
941 2679 1085 2712 alterum
1110 2690 1168 2722 pro
1187 2680 1279 2712 alter·
1293 2687 1340 2713 ut.
1361 2678 1422 2704 -5
1435 2680 1481 2715 ld.
1498 2679 1649 2712 videret.
