1803 3276
326 313 408 348 110
754 321 786 346 5.
824 318 1053 346 ΑΕΟΕδΤΙΝΙ
1088 318 1268 344 EPffiCOl‘t

319 387 407 429 bat.
433 385 607 445 Peperit
632 384 771 429 lilium
796 393 956 435 mater,
982 383 1054 427 cui
1077 382 1261 428 carnalis
1285 397 1374 426 non
1396 390 1489 426 erat
1509 389 1647 441 pater.
1672 382 1710 423 Ο

320 456 421 501 l'elix
441 456 575 514 Virgo
591 491 601 509 ‚
634 472 733 515 quw
756 454 915 498 meruit
941 454 983 497 in
1008 463 1133 499 utero
1159 469 1239 498 suo
1257 457 1395 498 Deum
1425 461 1596 512 portare
1618 457 1716 510 post

318 527 498 573 coelum!
517 531 696 573 Sanctus
712 527 896 586 Spiritus
911 541 987 585 per
1000 525 1216 585 Angelum
1227 525 1506 586 loquebatur,
1522 532 1566 568 et
1581 522 1716 580 Virgo

326 599 503 644 auribus
524 598 895 657 impregnabatur.

383 672 457 714 IV.
478 667 693 728 Spelunca
702 668 890 727 suscepit
904 682 1063 726 regem,
1079 668 1148 712 cui
1160 676 1275 713 totus
1283 665 1474 711 mundus
1485 663 1719 723 denegavit

322 741 573 799 hospitium.
611 738 825 783 Exhibuit
847 738 885 781 ei
907 753 987 797 pro
1016 738 1129 782 lecto
1152 737 1428 798 praesepium‘,
1451 751 1530 796 pro
1554 734 1715 796 plum-is

321 810 528 854 cilicium.
555 808 732 854 Coelum
754 809 967 869 parturit,
1006 819 1050 853 ct
1071 809 1204 867 Virgo
1225 809 1356 869 parit3
1379 807 1516 853 stellae
1536 807 1579 852 in
1601 804 1717 851 coelo

323 881 595 941 fulgescunt,
637 890 680 925 et
717 896 836 939 reges
870 881 1043 925 interra
1069 880 1425 925 contremiscunt.
1459 877 1617 938 Angeli
1641 878 1715 937 ju-

322 952 588 1007 cundantur,
616 955 811 998 Pastores
848 951 996 996 ovium
1025 950 1329 1009 admirantur,
1354 950 1470 1008 Magi
1499 946 1722 1005 Jerosoly-

323 1025 403 1069 mis
429 1023 738 1084 alloquuntur3
769 1033 812 1068 et
835 1023 1090 1068 Judaeorum
1113 1023 1331 1084 principes
1362 1019 1716 1068 confunduntur.

324 1096 553 1155 Prophetae
585 1094 890 1154 gratulantur,
927 1110 1028 1139 eum
1060 1094 1106 1138 in
1143 1095 1340 1149 Christo,
1371 1109 1470 1155 quae
1500 1090 1719 1153 praeclixe-

325 1174 444 1220 runt,
479 1165 826 1224 complebantur.
856 1185 876 1207 «
913 1165 1135 1210 Abraham
1151 1164 1262 1210 vidit
1283 1165 1416 1209 istum
1450 1163 1568 1207 diem
1604 1159 1717 1207 vidit

325 1256 345 1277 1»
371 1246 415 1281 et
440 1236 608 1295 gavisus
650 1241 810 1291 estm).
850 1255 869 1277 »
905 1235 1046 1281 Hodie
1072 1236 1188 1280 enim
1218 1237 1263 1280 in
1296 1237 1387 1296 ejus
1417 1234 1581 1280 semine
1620 1247 1718 1278 om-

323 1322 398 1352 nes
431 1316 578 1364 gentes
611 1306 666 1349 ad
704 1305 1006 1350 hoereditateni
1046 1316 1221 1351 aeternae
1258 1305 1556 1366 promissionis
1593 1318 1718 1348 acce-

322 1378 450 1422 dunt.
476 1375 684 1436 implesti,
711 1376 912 1432 Domine,
933 1376 1053 1436 quod
1078 1376 1310 1436 promisisti
1328 1377 1373 1420 in
1394 1375 1642 1437 praeteritiS,
1668 1383 1720 1419 ut

316 1452 433 1511 justa
469 1451 650 1506 ratione,
687 1449 875 1496 credaris
911 1450 1074 1506 omnia,
1096 1466 1196 1511 quae
1225 1450 1449 1495 facturum
1471 1458 1513 1493 te
1545 1448 1714 1509 promi-

322 1522 430 1576 sisti,
457 1520 652 1581 implere.
680 1520 840 1566 Fidelis
863 1521 979 1565 enim
1003 1537 1063 1575 es,
1092 1520 1292 1576 Domine,
1319 1521 1363 1565 in
1385 1520 1526 1565 verbis
1549 1519 1654 1574 tuis,
1680 1528 1726 1564 et

321 1594 433 1638 sicut
465 1593 612 1637 omnia
647 1608 747 1653 quae
779 1602 885 1637 tunc
916 1592 1136 1653 pollicitus
1163 1608 1206 1637 es
1228 1593 1432 1647 Abrahae,
1456 1592 1502 1635 in
1536 1590 1712 1636 Domini

322 1665 485 1708 nostriJ
493 1680 567 1708 esu
585 1664 742 1709 Christi
755 1664 986 1709 Nativitate
1003 1664 1226 1724 complesti
1242 1685 1252 1721 3
1271 1664 1328 1708 ita
1352 1661 1582 1732 quidquid
1595 1678 1716 1707 nunc

324 1735 540 1795 promittis
558 1734 765 1780 Ecclesiae
786 1744 871 1779 tuae
894 1736 939 1779 in
961 1734 1153 1780 secundo
1171 1737 1263 1796 ejus
1281 1735 1474 1780 adventu
1494 1734 1711 1780 restitues.

324 1807 481 1850 Veniet
497 1806 613 1850 enim
632 1816 930 1851 remunerator
945 1806 1161 1851 bonorum
1175 1821 1276 1850 cum
1285 1805 1444 1851 sanctis
1456 1805 1542 1850 suis
1559 1820 1719 1864 regna-

324 1887 447 1921 turus
460 1877 506 1921 in
527 1876 670 1932 coelis,
690 1877 767 1937 qui
790 1876 920 1921 hodie
932 1877 1135 1937 apparuit
1147 1876 1567 1922 saeculiliberatorin
1581 1876 1720 1921 terris.

326 1953 421 2010 lpse
443 1948 558 1993 enim
571 1948 701 1994 hodie
716 1947 1013 1994 manifestatus
1031 1959 1095 1994 est
1111 1948 1485 2007 Archangelorum
1502 1948 1721 2008 magister,

323 2020 591 2079 Angelorum
619 2021 877 2076 instructor,
903 2021 1065 2066 arbiter
1089 2022 1367 2078 saeculorum,
1394 2021 1600 2066 liberator
1629 2036 1725 2066 om-

324 2093 447 2137 nium
471 2092 527 2137 ad
549 2108 593 2137 se
609 2091 974 2150 confugientium,
996 2093 1130 2138 decus
1149 2094 1406 2153 integritatis
1421 2130 1431 2149 ‚
1453 2109 1614 2140 corona
1632 2094 1723 2138 vir-

325 2164 537 2223 ginitatis,
563 2163 775 2208 auxilium
796 2164 1026 2219 castitatis,
1044 2174 1195 2224 portus
1213 2164 1504 2220 credulitatis,
1531 2166 1721 2210 nutritor

325 2236 611 2290 innocentiae,
648 2235 853 2281 vitiorum
877 2235 1154 2291 interfector,
1187 2246 1403 2296 superstes
1431 2236 1718 2291 saeculorum,-

324 2308 488 2353 amicus
506 2308 701 2352 fidelium
713 2344 724 2363 ,
751 2317 1049 2353 remunerator
1066 2309 1237 2368 piorum
1252 2344 1262 2364 ,
1280 2318 1448 2354 amator
1458 2318 1721 2354 converten-

325 2380 451 2434 tium,
472 2379 641 2424 ablator
663 2378 874 2434 sordium,
900 2378 1086 2424 salvator
1107 2379 1357 2435 vulnerum,
1383 2388 1580 2425 ostensor
1602 2379 1720 2434 vitae,

324 2449 499 2510 adjutor
521 2450 567 2494 in
588 2449 706 2495 bono
728 2465 859 2510 opere
877 2449 1187 2505 laborantium,
1213 2449 1238 2494 d
1249 2466 1302 2493 ux
1325 2459 1593 2506 sanctoruni,
1617 2453 1722 2495 Pro-

325 2522 556 2580 phetarum
575 2536 680 2575 vox,
713 2520 932 2565 cantilena
962 2520 1178 2580 psalterii,
1217 2520 1459 2566 modulatio
1491 2521 1718 2581 puritatis,

326 2591 571 2636 intellectus
594 2592 922 2637 vaticinantium
941 2627 952 2647 ,
976 2592 1113 2637 virtus
1136 2592 1531 2652 perseverantium,
1557 2591 1722 2637 itineris

374 2686 416 2726 pt}
439 2688 527 2718 Joun.
551 2697 621 2728 rm,
643 2687 694 2719 50.
