1803 3276
133 257 186 297 84
575 266 608 293 s.
646 263 877 296 Arent-mni
911 263 1092 292 triscom

130 333 261 391 Virga
278 345 378 376 cccc
401 328 583 390 protulit
602 327 722 390 quod
744 330 863 388 virga
886 343 975 373 non
996 327 1194 374 habuit¹.
1211 331 1308 375 Non
1333 327 1520 374 radicata

131 400 374 464 plantario,
401 415 480 445 nec
507 399 675 445 defossa
704 398 898 454 sarculo,
923 413 1013 443 non
1041 399 1230 445 animata
1262 414 1417 455 succo,
1442 414 1522 444 nec

130 469 387 517 scccundata
409 471 656 526 seminario,
682 486 771 516 non
794 483 930 514 mersa
955 467 1288 525 exeu1t02aw0,
1311 478 1355 515 ct
1377 478 1524 514 tamen

130 542 386 604 germinarit
407 542 453 587 in
475 541 598 597 ssore,
623 541 902 587 fructificavit
918 540 963 584 in
985 539 1158 597 fronde,
1184 551 1229 587 et
1248 540 1422 586 fructus
1443 539 1523 586 de-

129 611 193 658 dit
215 629 324 674 quos
345 628 433 659 non
462 613 617 658 habuit
643 613 689 657 in
721 611 878 657 radice.
914 613 1095 657 Etcum
1121 612 1213 672 jam
1241 620 1384 658 totum
1420 626 1524 672 per·

127 681 308 729 didisset
329 681 450 744 quod
465 682 658 728 habebat
679 699 730 727 ex
747 682 918 738 arbore,
942 692 1095 744 utpote
1112 698 1213 742 quae
1234 691 1345 728 esset
1356 682 1521 728 abscisa

129 755 185 799 ad
205 754 501 799 testimonium
519 762 664 798 tamen
682 753 891 814 praecipui
905 753 1160 810 sacerdotis,
1190 753 1312 814 virga
1329 753 1528 799 exhibuit

127 825 250 887 quod
284 823 492 869 naturalis
521 824 642 884 origo
669 841 759 870 non
792 824 973 870 habuit:
1015 825 1117 885 quia
1150 833 1301 870 contra
1324 833 1527 870 naturam

127 912 263 942 nuces
285 896 484 956 concepit
520 905 563 941 ct
586 895 767 956 peperit.
796 896 927 955 Virgo
950 911 1054 956 ergo
1088 911 1178 941 non
1209 895 1354 956 potuit
1375 904 1528 942 contra

129 978 332 1013 naturam
355 967 431 1012 Dei
457 965 616 1011 Filium
640 969 870 1026 generare?
892 968 1006 1012 Ecce
1026 981 1104 1026 ego
1118 966 1260 1011 dicam
1274 966 1352 1012 tibi
1372 981 1530 1028 quem-

129 1037 370 1084 admodum
387 1038 519 1097 Yirgo
533 1039 733 1098 concepit
747 1047 788 1082 et
807 1037 998 1098 peperit,
1026 1046 1073 1082 tu
1089 1037 1195 1082 mihi
1219 1036 1398 1082 ostende
1415 1052 1527 1098 qua-

129 1109 228 1154 liter
250 1110 370 1167 virga
394 1109 514 1154 omni
542 1118 750 1168 suggestu
772 1118 940 1154 naturfe
963 1124 1098 1154 vacua
1129 1108 1402 1169 germinavit.
1443 1106 1529 1154 Sed

130 1179 288 1241 procul
312 1178 448 1225 dubio
471 1195 551 1224 nec
574 1189 835 1240 conceptum
858 1181 1017 1240 poteris
1035 1180 1168 1238 virga:
1188 1179 1425 1240 explicare,
1451 1194 1531 1223 nec

129 1251 319 1311 Virginis
340 1258 530 1310 partum.
568 1251 610 1295 si
634 1267 736 1310 ergo
771 1267 861 1296 non
884 1251 1044 1311 poteris
1076 1250 1220 1297 dicere
1242 1250 1532 1312 quemadmo-

128 1321 238 1369 dum
269 1322 389 1382 virga
409 1321 577 1381 peperit
602 1337 734 1367 nuces
750 1357 761 1377 ,
788 1323 1012 1381 Virginem
1034 1322 1196 1382 poteris
1217 1321 1362 1369 dicere
1376 1338 1533 1384 quem-

127 1391 369 1440 admodum
405 1393 606 1454 concepit
639 1402 683 1438 et
725 1393 896 1454 peperit
935 1393 1192 1438 veritatem?
1234 1394 1395 1454 Accipe
1428 1409 1532 1454 ergo

127 1463 362 1511 dominicae
401 1464 715 1510 Incarnationis
755 1464 987 1521 effectum,
1032 1465 1135 1526 quia
1177 1465 1311 1525 virgae
1341 1465 1532 1526 parentis

128 1551 222 1583 non
241 1543 365 1596 potes
388 1533 600 1596 explicare
621 1535 895 1593 mysterium.

190 1609 338 1653 XXII.
363 1606 474 1652 Veni
496 1605 551 1652 ad
573 1622 659 1663 me,
675 1616 718 1652 et
735 1606 880 1653 dicam
897 1607 975 1652 tibi
998 1606 1121 1669 quod
1142 1607 1260 1653 intus
1277 1606 1535 1655 audivi.Pu-

133 1676 239 1726 dore
261 1678 353 1734 hic,
379 1693 469 1724 non
491 1678 659 1724 ratione
681 1678 940 1734 conturbor,
966 1687 1010 1725 et
1032 1678 1133 1724 volo
1156 1678 1202 1724 in
1224 1694 1423 1725 sermone
1444 1694 1536 1726 esse

132 1748 463 1806 verecundiam,
493 1747 736 1795 dummodo
766 1765 855 1795 non
885 1750 940 1795 sit
970 1750 1015 1794 in
1051 1749 1138 1795 fide
1169 1749 1433 1811 periculum.
1474 1754 1537 1797 Da

132 1822 323 1878 veniam,
341 1821 527 1877 Christe,
553 1830 597 1866 et
619 1837 748 1882 parce
762 1823 827 1868 ori
845 1837 959 1879 meo,
979 1823 1082 1884 quia
1109 1823 1426 1870 Incarnationis
1448 1832 1538 1869 tuae

134 1892 391 1952 mysterium
426 1892 680 1938 temerarius
713 1902 912 1940 narrator
945 1893 1171 1953 atting033
1196 1902 1240 1939 et
1273 1903 1322 1939 tu
1353 1893 1536 1955 quidem

133 1963 332 2010 clausum
349 1963 545 2008 dimisisti
570 1972 747 2008 uterum
765 1973 908 2020 tuum,
929 1961 1008 2009 sed
1029 1963 1158 2010 nobis
1177 1964 1409 2024 permisisti
1427 1980 1532 2025 ape-

133 2034 218 2079 rire
240 2032 473 2079 incredulis
495 2033 781 2092 Evangelium
802 2043 946 2080 tuum.
975 2035 1127 2080 Dicam
1150 2035 1329 2080 tandem
1349 2034 1472 2096 quod
1491 2035 1538 2081 in

133 2105 341 2152 cubiculo
362 2115 530 2150 naturae
548 2105 792 2151 conficitur.
812 2109 863 2150 In
875 2106 1006 2152 vulva
1023 2106 1214 2166 Virginis
1230 2106 1430 2166 genitalis
1440 2123 1538 2153 san-

136 2177 246 2236 guis,
270 2186 313 2221 et
329 2178 574 2237 germinans
597 2177 755 2222 humor
770 2178 784 2204 ⁴
802 2175 900 2222 fuit.
928 2177 1042 2223 Huic
1059 2177 1344 2238 sanguinivel
1362 2179 1537 2225 humori

134 2249 332 2294 Verbum
361 2265 405 2294 se
426 2249 548 2294 velut
569 2248 803 2308 coagulum
827 2249 1025 2305 miscuit,
1051 2259 1095 2295 et
1116 2250 1339 2309 sanguinis
1356 2249 1427 2296 vel
1447 2251 1536 2297 hu-

136 2320 267 2366 moris
290 2320 529 2366 substantia
548 2320 774 2380 congelata
797 2337 971 2366 carnem
996 2320 1114 2367 fecit.
1139 2322 1329 2368 Accessit
1349 2322 1534 2383 Spiritus

135 2401 326 2448 sanctus,
352 2401 395 2437 et
414 2391 508 2438 haec
527 2409 625 2453 quae
647 2391 820 2450 fuerant
835 2392 990 2451 gelata,
1013 2402 1057 2439 ct
1074 2394 1206 2439 Verbi
1223 2394 1417 2456 quodam
1435 2393 1530 2454 glu-

138 2463 230 2510 tino
244 2473 542 2519 commassata,
568 2464 798 2522 formavit,
825 2464 1010 2510 formata
1032 2464 1249 2525 distinxit3
1275 2475 1318 2511 et
1341 2465 1528 2512 formam

185 2560 277 2592 Wide
296 2562 398 2593 Sci-ni.
419 2571 529 2599 ccxcv,
550 2572 579 2591 n.
599 2559 675 2591 3.-
693 2567 705 2583 2
717 2561 792 2593 tzod.
812 2561 1038 2594 c.rc1dtali.-
1059 2560 1071 2584 3
1084 2561 1207 2595 Assolet
1220 2566 1346 2595 sanctus
1361 2564 1482 2595 Doctor
1500 2561 1531 2595 in

138 2617 338 2649 0n11‹:¹0:111.li‹
363 2628 430 2659 qna:
451 2617 590 2649 ‹linit-ilia
610 2623 701 2656 sunt,
737 2620 802 2649 Deo
826 2630 860 2649 se
882 2618 1133 2661 commendare,
1165 2622 1201 2652 ut
1224 2620 1334 2662 turpius
1354 2619 1385 2653 in
1409 2618 1534 2662 scriptis

140 2674 330 2706 authenticis
350 2674 460 2706 vi.lc1⁵¹
480 2686 496 2705 t*
517 2679 539 2705 ἲ.
558 2691 596 2695 κ-
627 2672 753 2706 'it‘ff‘ziv‘ss
770 2673 849 2707 nmio
868 2676 1049 2719 gemituum.
