1803 3276
486 354 624 381 SERMO
657 355 704 380 11.
740 354 783 380 nv
815 352 1078 380 snxacnsma
1112 354 1159 379 11.
1428 343 1510 381 355

131 433 148 453 »
176 419 459 467 resurrectionis
476 429 567 454 meae
585 420 621 454 iu
642 419 824 463 futurum,
845 418 932 464 quia
947 418 1128 463 judicium
1148 428 1270 454 meum
1292 424 1332 454 ut
1352 429 1509 465 congre-

131 491 148 511 »
175 488 259 523 gem
278 484 405 524 gentes
419 482 455 512 et
474 476 646 523 colligam
671 488 807 522 regna,
823 482 860 512 et
878 475 1063 512 effundam
1077 486 1188 521 super
1213 487 1273 512 eos
1298 477 1514 523 indignatio-

130 549 148 570 »
174 545 260 575 nem
271 545 406 577 meam,
423 545 570 571 omnem
584 535 679 570 iram
693 534 830 571 suroris
844 534 936 579 moi;
949 534 987 570 in
999 534 1085 579 igne
1099 535 1169 569 zeli
1181 535 1253 570 mei
1267 535 1510 572 devorabitur

129 607 148 628 »
177 595 296 633 omnis
312 598 414 630 terra
429 594 498 640 (a).
511 608 529 628 »
542 593 642 630 Ecce
660 594 757 630 enim
773 594 842 638 ira,
852 593 1042 629 tribulatio
1061 598 1098 630 et
1116 594 1296 638 angustia,
1309 594 1500 630 calamita-

130 660 199 698 tes,
216 653 378 696 miseria,
395 653 560 691 tenebrae
577 658 615 689 et
634 653 769 700 caligo,
787 653 921 689 nebula
945 657 982 690 et
1011 653 1139 695 turbo,
1160 652 1248 688 tuba
1266 658 1304 688 et
1322 652 1475 697 clangor
1488 678 1499 696 ,

130 712 228 759 ignis
245 713 428 749 elementa
450 722 685 756 consumens,
706 718 906 758 tempestas
931 711 1051 747 valida
1069 717 1205 748 cuncta
1223 712 1431 756 devastans,
1448 711 1503 748 ira

131 771 154 811 J
158 771 277 807 udicis
294 770 548 815 intolerabilis,
564 770 672 807 furor
688 770 946 816 importabilis.

180 829 293 867 XIX.
318 827 366 866 Et
381 830 462 875 quis
478 835 656 877 peccator
674 830 757 865 talia
774 841 848 866 non
862 830 1114 876 pertimescat,
1137 829 1166 866 si
1183 830 1332 874 Paulus,
1354 829 1510 865 Sancto-

132 899 217 926 rum
246 889 392 928 labores
416 895 453 925 et
479 889 638 927 virtutes
655 900 874 936 exuperans,
895 889 978 924 talia
995 888 1196 925 formidat?
1220 889 1303 934 Ipse
1328 890 1390 925 ille
1408 889 1516 925 time-

131 948 280 985 bundus
302 948 465 984 clamat:
491 948 718 984 «Terribilis
746 949 915 994 quaedam
947 948 1153 994 expectatio
1175 948 1321 994 judicii,
1351 954 1389 983 et
1420 947 1513 993 ignis

132 1021 150 1042 »
179 1008 380 1053 aemulatio,
395 1019 478 1055 quae
496 1014 764 1055 consumptura
789 1014 843 1044 est
860 1009 1116 1053 adversarios3
1137 1008 1368 1044 horrendum
1400 1007 1521 1042 estin-

133 1080 152 1101 »
181 1067 308 1106 cidere
331 1067 370 1103 in
387 1078 517 1103 manus
534 1068 602 1104 Dei
619 1068 776 1103 viventis
793 1067 856 1114 (b).-
880 1081 898 1100 »
920 1067 975 1112 lbi
999 1073 1104 1103 certe
1122 1068 1170 1102 ad
1181 1068 1383 1103 vindictam
1401 1069 1514 1104 malo-

133 1137 220 1164 rum
249 1127 526 1163 innumerabilis
557 1127 747 1173 apparebit
772 1128 972 1163 multitudo
1001 1128 1248 1172 Angelorum,
1283 1134 1320 1162 et
1346 1128 1448 1163 coelis
1477 1138 1521 1163 ac

134 1186 247 1225 terris
258 1185 488 1228 ardentibus,
503 1185 661 1220 Domino
674 1195 827 1230 quoque
839 1191 949 1230 atque
962 1187 1151 1231 Apostolis
1165 1186 1391 1230 sedentibus,
1406 1197 1516 1232 sepa-

134 1245 229 1283 bunt
246 1245 360 1281 malos
375 1244 421 1280 de
435 1244 557 1280 medio
568 1244 755 1290 justorum
771 1256 779 1286 ;
795 1252 832 1280 et
847 1245 1010 1290 quodam
1025 1246 1136 1282 modo
1156 1246 1336 1281 zizaniam
1355 1257 1375 1281 a
1392 1246 1524 1282 tritico

135 1310 349 1351 separantes
362 1329 373 1344 ,
385 1304 586 1348 alligabunt
602 1303 797 1340 fasciculos
819 1305 865 1340 ad
883 1306 1181 1342 comburendum
1197 1315 1207 1349 ;
1227 1307 1316 1342 dum
1331 1317 1440 1353 pares
1455 1317 1522 1352 pa-

135 1363 295 1406 ribus‚id
314 1368 382 1408 est,
396 1373 526 1401 avaros
543 1373 629 1399 cum
647 1363 780 1407 avaris,
794 1364 983 1401 adulteros
997 1374 1082 1400 cum
1101 1365 1291 1407 adulteris,
1311 1366 1515 1401 homicidas

137 1431 223 1462 cum
238 1422 449 1466 homicidis,
464 1423 708 1459 fornicatores
723 1433 810 1459 cum
825 1424 1125 1470 fornicatoribus,
1137 1424 1238 1461 fures
1255 1435 1342 1460 cnm
1359 1425 1518 1468 furibus,

137 1487 308 1528 raptores
342 1491 428 1518 cum
454 1481 680 1529 raptoribus,
720 1483 918 1518 mendaces
952 1493 1039 1519 cum
1065 1483 1318 1527 mendacibus,
1348 1484 1520 1530 perjuros

137 1551 225 1577 eum
238 1541 412 1589 perjuris,
427 1552 582 1578 voraces
594 1551 680 1577 cum
699 1542 912 1586 voracibus,
932 1543 1099 1579 ebriosos
1117 1554 1203 1579 eum
1217 1543 1385 1587 ebriosis,
1404 1544 1522 1579 elatos

138 1609 226 1643 cum
242 1601 360 1646 elatis,
380 1601 561 1648 superbos
584 1611 670 1638 cum
701 1602 867 1647 superbis
886 1603 1095 1648 aptaverint
1113 1609 1225 1648 atque
1245 1603 1518 1650 conjunxerint,

138 1664 182 1699 ut
198 1671 267 1707 par
281 1660 331 1696 ibi
349 1661 395 1697 sit
420 1671 570 1697 manens
597 1661 834 1707 supplicium,
859 1672 1022 1707 quorum
1040 1662 1077 1697 in
1104 1661 1172 1698 hae
1193 1662 1268 1698 vita
1296 1672 1365 1708 par
1393 1662 1516 1699 extitit

139 1719 389 1759 conversatio.
419 1719 495 1757 Sed
525 1731 594 1756 nec
626 1720 723 1756 ullus
753 1721 823 1756 erit
854 1720 953 1757 ultra
985 1721 1128 1757 reditus
1161 1722 1207 1757 ad
1238 1722 1401 1766 veniam,
1437 1722 1524 1768 quia

145 1792 163 1812 α
186 1778 299 1815 Ibunt
316 1780 353 1814 in
370 1779 591 1825 supplicium
604 1786 782 1815 aeternum
802 1778 864 1826 (c);
877 1790 897 1814 ›)
914 1790 983 1816 nec
1004 1781 1179 1826 precibus
1209 1782 1302 1817 iram
1322 1782 1344 1818 J
1348 1782 1466 1818 udicis
1482 1782 1529 1817 ad

141 1838 436 1879 misericordiam
455 1840 586 1885 aliquis
612 1839 799 1883 inflectet,
819 1841 907 1886 quia
934 1853 954 1876 α
981 1840 1165 1877 Omnibus
1183 1843 1390 1878 secundum
1411 1853 1525 1888 opera

143 1912 166 1939 »v
189 1909 254 1935 sua
276 1899 412 1935 reddet
429 1898 476 1947 (d)
491 1909 501 1943 3
519 1912 537 1933 »
559 1905 596 1935 et
614 1900 765 1945 quidem
785 1910 917 1946 preces
942 1900 1246 1947 multiplicabunt
1260 1929 1268 1944 ‚
1287 1907 1324 1937 et
1351 1903 1532 1948 ejulantes

142 1958 266 1999 miseri
275 1959 507 1996 clamabunt:
521 1973 538 1993 ι(
549 1959 721 2002 Domine,
732 1959 833 2005 aperi
850 1960 974 2003 nobis3
988 1974 1004 1992 »
1019 1966 1189 1996 ettamen
1199 1961 1245 1995 ab
1256 1961 1355 1997 intus
1368 1962 1437 1997 illis
1451 1973 1528 1998 res-

142 2016 389 2064 pondebitur:
403 2017 551 2052 «Amen
559 2017 644 2052 dico
658 2018 778 2058 vobis,
797 2018 920 2053 nescio
936 2028 1016 2062 vos,
1032 2019 1096 2063 qui
1114 2020 1412 2064 estis3discedite
1430 2031 1450 2056 a
1464 2032 1525 2057 me

145 2086 166 2110 i)
192 2076 350 2123 operarii
367 2075 595 2122 iniquitati53
614 2076 664 2113 ibi
681 2076 752 2112 erit
778 2076 888 2113 fletus
904 2082 942 2112 et
957 2077 1097 2113 stridor
1111 2077 1281 2114 dentium
1301 2078 1360 2125 (e).
1381 2092 1398 2111 »

192 2136 286 2173 XX.
305 2136 439 2176 Dicent
452 2135 608 2172 fortasse
626 2136 730 2179 tales,
746 2147 814 2182 pro
825 2136 962 2182 quibus
976 2137 1060 2173 talia
1073 2148 1117 2172 ex
1130 2138 1261 2173 divinis
1280 2138 1435 2183 eloquiis
1448 2149 1533 2185 pro-

144 2195 297 2232 ferimus
313 2208 323 2231 ε
338 2194 438 2232 Ecce
453 2195 619 2232 terruisti
633 2205 714 2239 nos,
729 2202 766 2231 et
775 2196 853 2242 jam
867 2206 961 2242 pene
982 2196 1241 2232 decumbimus
1258 2197 1532 2243 desperatione.

147 2255 186 2292 Si
204 2255 282 2292 haec
300 2256 351 2296 ita
368 2265 406 2291 se
426 2254 582 2299 habent,
602 2267 623 2291 «
641 2255 732 2299 Quis
749 2260 918 2291 nostrum
945 2255 1147 2291 salvabitur
1170 2255 1248 2302 (s)‘.>
1261 2269 1278 2288 »
1301 2256 1399 2300 Quid
1418 2267 1535 2303 agen-

148 2315 237 2354 dum
255 2321 311 2352 est
327 2314 456 2357 nohis?
476 2314 701 2361 Respondet>
722 2325 796 2350 non
814 2315 917 2361 meis,
935 2315 998 2350 sed
1018 2315 1164 2350 Domini
1183 2314 1305 2351 verbis
1325 2325 1333 2351 :
1358 2330 1375 2349 «
1393 2317 1538 2353 Intrate

149 2387 170 2411 ›)
193 2386 262 2429 per
284 2381 475 2421 angustam
502 2379 673 2421 portam,
698 2374 783 2420 quia
807 2374 878 2410 lata
907 2380 1018 2421 porta
1040 2380 1076 2409 et
1100 2375 1257 2420 spatiosa
1283 2374 1341 2411 via
1372 2383 1426 2413 est
1457 2387 1539 2423 quae

150 2446 171 2471 ›)
197 2435 301 2471 ducit
326 2435 372 2470 ad
395 2434 659 2481 perditionem,
679 2440 716 2469 et
735 2433 841 2469 multi
861 2440 947 2469 sunt
972 2433 1036 2479 qui
1063 2433 1204 2470 intrant
1222 2444 1397 2481 peream.
1415 2435 1538 2480 Quam

150 2507 168 2528 η
197 2500 350 2540 angusta
364 2499 473 2540 porta
491 2499 528 2529 et
547 2499 649 2529 areta
668 2493 726 2529 via
740 2498 795 2528 est
812 2502 894 2539 quae
915 2493 1019 2528 ducit
1041 2493 1087 2528 ad
1107 2492 1218 2529 vitam
1234 2520 1242 2535 ‚
1258 2498 1294 2529 et
1312 2494 1422 2541 pauci
1438 2500 1538 2537 sunt,

194 2604 245 2647 (a)
267 2605 364 2649 Soph.
384 2603 485 2647 ιιι,8.
527 2619 571 2626 --
601 2601 764 2644 (b)11ebr.
788 2612 829 2643 x,
848 2610 910 2644 27,
929 2619 971 2624 —
992 2600 1045 2634 31.
1078 2619 1119 2625 —
1152 2600 1195 2642 (c)
1224 2598 1337 2634 Matth.
1374 2613 1457 2645 xxv,
1487 2602 1540 2642 46.

155 2679 198 2688 -v
225 2659 276 2702 (d)
314 2662 415 2704 Apoe.
436 2667 515 2692 'nu
535 2683 544 2700 ,
573 2667 623 2691 12.
665 2675 706 2680 —-
742 2657 797 2697 (e)
838 2659 914 2690 Luc.
949 2668 1002 2689 xm
1022 2681 1031 2698 ,
1072 2655 1139 2698 25,
1174 2656 1226 2688 28.
1257 2672 1307 2679 ·-
1336 2656 1398 2701 (s)
1428 2659 1542 2690 matth.

155 2727 231 2758 xix,
250 2715 304 2749 26.

1267 2766 1332 2805 23.
