1803 3276
405 306 544 335 SEniio
576 308 648 334 xv.
687 308 728 334 xN
764 306 920 335 Mamm
956 310 1113 336 nomm
1151 312 1210 337 ix.
1414 302 1494 340 117

105 360 223 405 enim
251 376 273 405 a
298 360 424 406 nobis
450 362 587 421 ipsam
620 359 811 421 quodam
835 361 968 406 modo
990 362 1268 408 Nativitatem
1292 380 1436 421 suam,
1457 375 1502 411 ct

107 432 264 477 invitat
283 449 362 478 nos
385 432 440 477 ad
462 448 585 477 suam
599 432 912 479 humilitatem:
939 454 958 476 «
983 435 1139 479 Venite
1162 435 1215 480 ad
1238 451 1307 479 mc
1330 452 1497 493 omnes,

107 521 128 545 »
164 504 241 565 qui
266 503 475 549 laboratis
500 513 543 548 et
570 505 736 549 onerati
759 506 872 561 estis,
903 524 921 546 »
948 521 1136 567 quorum
1158 507 1346 552 cervices
1370 524 1499 567 grave

104 576 264 636 premit
286 575 449 622 diaboli
465 577 637 638 jugum,
663 576 709 621 id
724 587 801 633 est,
827 579 1027 638 superbia
1047 614 1056 634 ,
1082 579 1245 624 malitia
1264 615 1274 635 ,
1295 579 1500 640 iniquitas

105 656 149 691 et
164 656 358 707 peccata.
377 649 516 693 Grave
539 657 602 692 est
625 641 745 709 quod
767 648 951 704 habetis,
969 649 1045 694 sed
1070 670 1091 693 «
1111 651 1268 695 Venite
1292 650 1346 694 ad
1367 666 1451 706 me,
1476 667 1497 691 η

104 717 190 762 1100
223 711 318 774 cst,
362 714 682 775 humiliamini,
720 729 770 764 ut
791 735 860 764 me
882 720 1057 776 videtis,
1087 740 1107 764 «
1133 724 1191 766 Et.
1212 736 1290 779 ego
1308 722 1500 766 reficiam

107 806 130 830 >›
163 803 239 833 vos
254 792 334 846 (a),
364 807 384 830 n
410 790 511 850 quia
534 790 616 834 nisi
637 790 757 850 prius
779 790 966 835 humiles
989 789 1172 847 fueritis,
1190 791 1396 837 sublimes
1410 806 1501 836 esse

104 874 195 904 nou
216 860 396 919 potestis
412 862 442 905 1.
469 861 673 921 Projicitc
701 879 750 905 ex
771 862 922 906 vestris
956 862 1197 907 cervicibus
1220 873 1501 923 peccatorum

104 930 343 987 sarcinam,
385 947 518 993 quam
559 932 682 977 vobis
712 948 830 977 nune
864 947 1002 993 usquc
1041 932 1241 977 diabolus
1271 949 1348 993 per
1372 948 1502 978 suum

104 1001 622 1063 imponebatimperium,
648 1012 692 1047 ct
720 1022 739 1045 ‹<
761 1002 916 1047 Tollite
937 1018 1084 1047 meum
1103 1019 1234 1049 suave
1251 1005 1408 1064 jugum
1422 1040 1432 1060 ,
1459 1012 1504 1048 et

109 1092 128 1114 »
163 1073 375 1119 sarcinam
397 1072 625 1131 levem(b),
649 1094 665 1115 »
684 1083 734 1119 ut
755 1088 899 1118 meam
920 1074 965 1117 in
981 1073 1186 1119 omnibus
1208 1075 1503 1119 humilitatem

103 1144 342 1201 sectemini,
360 1139 495 1206 (snam
509 1159 564 1188 ne
578 1140 644 1200 tu,
665 1160 765 1189 cum
780 1145 833 1189 sis
852 1146 986 1190 homo
1000 1154 1043 1190 et
1055 1161 1201 1190 mcum
1220 1146 1477 1206 figmentum
1487 1182 1498 1201 ,

103 1215 320 1275 suscipere
349 1214 671 1275 dedignareris,
696 1216 816 1276 prius
847 1232 942 1260 eam
966 1231 1045 1275 ego
1068 1232 1242 1261 carnem
1272 1216 1501 1261 induendo

102 1287 270 1347 suscepi
289 1322 299 1343 ,
319 1287 397 1348 qui
417 1302 514 1331 sum
538 1290 669 1343 Deus,
692 1296 734 1331 et
757 1285 895 1333 factor
912 1288 978 1332 tui
1000 1288 1196 1345 figmenti
1211 1324 1221 1344 ,
1247 1297 1289 1333 et
1305 1303 1383 1348 per
1405 1303 1504 1333 om-

102 1357 174 1402 nia
208 1373 288 1418 pro
324 1367 467 1403 vestra
489 1357 628 1402 salute
652 1358 789 1402 Patris
812 1358 1013 1419 compleo
1030 1358 1319 1404 voluntatem.
1351 1379 1370 1402 «
1398 1359 1502 1405 Suf-

104 1445 126 1470 »
160 1429 278 1474 ficiat
300 1428 393 1491 jam
439 1429 681 1490 discipulo,
734 1439 785 1474 ut
819 1431 873 1475 sit
911 1431 1023 1483 sieut
1066 1432 1272 1490 magister
1304 1432 1422 1492 (ejus,
1459 1440 1503 1476 et

104 1517 125 1541 »
160 1514 284 1546 servo
313 1501 424 1547 sicut
447 1501 651 1546 dominus
680 1502 770 1562 chs
810 1506 882 1558 (c).
912 1519 934 1543 »
983 1501 1026 1546 Si
1055 1503 1257 1562 magister
1278 1518 1375 1548 sum
1400 1518 1502 1548 vcs-

99 1580 190 1628 ter,
215 1571 294 1617 ubi
316 1581 381 1617 cst
395 1572 538 1617 honor
555 1571 709 1617 meus?
737 1573 779 1618 Si
798 1571 1001 1618 dominus
1021 1590 1118 1618 sum
1140 1583 1282 1618 vester
1297 1611 1308 1630 ,
1340 1574 1420 1618 uhi
1438 1584 1502 1619 est

98 1644 231 1688 timor
249 1646 404 1688 meus?
430 1643 469 1689 Si
494 1644 749 1702 magistrum
767 1644 940 1699 amatis,
962 1661 1092 1705 opera
1115 1646 1336 1690 charitatis
1360 1655 1502 1690 osten-

98 1713 214 1774 dite,
249 1715 283 1760 si
308 1714 539 1760 dominum
566 1714 748 1770 timetis,
784 1713 898 1759 facta
925 1715 1091 1760 timoris
1116 1725 1369 1761 monstrate.
1402 1736 1423 1760 ι(
1444 1719 1502 1762 Ut

101 1804 121 1828 »
157 1785 266 1848 quid
297 1787 415 1831 enim
443 1786 550 1831 mihi
574 1785 738 1832 dicitis:
765 1786 975 1843 Domine,
1012 1788 1222 1844 Domine,
1250 1797 1293 1832 ct
1322 1804 1411 1833 non
1431 1787 1500 1834 fa—

101 1874 121 1898 »
157 1858 250 1902 citis
273 1856 394 1919 quod
414 1856 512 1903 dico
527 1855 623 1914 (609
643 1876 663 1900 »

160 1930 234 1974 IV.
272 1932 451 1991 Itaque,
487 1933 688 1986 Fratres,
727 1945 878 1974 omnes
917 1946 968 1973 cx
996 1930 1081 1975 hoe
1119 1931 1347 1976 unanimes
1370 1941 1502 1993 atquc

97 1999 335 2045 concordes
358 2009 513 2044 natum
542 1999 674 2044 hodie
707 2000 931 2044 Christum
954 2000 1008 2043 dc
1037 2001 1173 2045 Maria
1200 2002 1379 2061 Virgine
1405 2018 1501 2047 ani-

97 2070 366 2131 plectamur,
390 2071 642 2126 timeamus,
678 2069 936 2126 laudemus,
972 2071 1262 2128 honoremus,
1294 2072 1500 2133 «Diliga-

101 2160 121 2183 »
156 2158 253 2187 mus
271 2157 388 2198 eum,
406 2142 616 2203 quoniam
633 2141 752 2202 prior
770 2141 921 2187 dilexit
944 2158 1021 2187 nos
1039 2147 1111 2200 (e).
1127 2161 1147 2184 ³>
1175 2143 1217 2188 Si
1232 2145 1347 2192 enim
1364 2145 1496 2203 gratis

97 2228 176 2259 nos
199 2230 291 2259 non
312 2212 556 2269 dilexisset,
581 2212 713 2258 hodie
738 2228 791 2257 ex
824 2227 954 2257 carne
978 2222 1107 2258 natus
1144 2229 1236 2258 11011
1257 2213 1431 2271 fuisset,
1456 2225 1501 2260 et

96 2293 265 2329 tantam
286 2284 414 2330 nobis
444 2283 645 2330 laetitiam
671 2299 750 2328 suo
772 2283 914 2330 Natali
930 2299 1022 2329 non
1039 2284 1320 2330 exhibuisset.
1349 2286 1498 2331 Susci-

95 2358 266 2420 pientes
279 2359 372 2420 jam
393 2357 632 2403 Dominum
650 2366 850 2403 nostrum
867 2366 1016 2402 mente
1035 2373 1167 2418 pura,
1193 2357 1402 2402 charitate
1421 2359 1498 2403 fir-

141 2478 188 2521 (α)
205 2480 318 2513 Matth.
337 2491 382 2523 m,
403 2480 457 2513 28.
474 2493 516 2503 -
538 2478 582 2521 (h)
600 2478 681 2514 lbid.
702 2490 802 2523 29.—
828 2478 871 2521 (c)
890 2479 938 2513 Id.
958 2490 991 2523 x,
1011 2477 1067 2523 24,
1082 2478 1137 2513 25.
1153 2495 1196 2503 ·-
1220 2476 1273 2521 (cl)
1287 2480 1353 2512 Luc
1371 2490 1420 2522 v1,
1439 2477 1497 2522 46.

102 2551 145 2559 --
170 2534 212 2576 (e)
229 2537 318 2568 Joan.
342 2547 388 2578 lv,
418 2546 469 2579 19.

144 2601 248 2635 ¹Vidc
261 2603 364 2636 Serui.
384 2613 490 2646 cmxiv,
509 2615 541 2638 n.
562 2603 603 2648 4,
621 2609 655 2638 ct
672 2615 784 2650 seqq.;
805 2615 890 2648 xxx,
908 2616 938 2639 n.
960 2603 994 2647 8,
1009 2614 1052 2648 9;
1078 2616 1146 2649 xm,
1172 2616 1204 2639 n.
1224 2605 1265 2648 ὃς
1288 2614 1497 2648 ch11‚n.17;

96 2668 199 2700 cxm,
221 2670 252 2692 n.
275 2669 309 2702 7,
334 2663 366 2692 et
382 2670 470 2703 seqq.
