1803 3276
276 251 356 288 :32⁸
719 263 752 290 s.
789 262 1019 292 Mensa-lm
1054 264 1234 291 EPISCON

826 394 1112 439 SYNOPSIS.

324 518 354 554 1.
386 519 523 565 Jejnnii
544 519 686 555 utilitas
711 526 745 555 et
762 523 962 557 necessitas
983 521 1164 567 probatur
1182 522 1415 557 medicorum
1430 522 1666 558 anctoritate.

278 576 334 612 11.
362 578 601 614 Auctoritate
616 579 919 625 philosophorum
939 586 975 615 et
990 581 1106 616 saneti
1124 580 1242 616 Pauli.
1258 580 1330 617 111.
1351 580 1539 627 Exemplis
1554 581 1668 617 Sanc-

277 639 402 671 torum
425 643 460 672 et
480 636 634 672 Christi.
656 637 724 672 IV.
746 637 955 674 Conclusio.

340 750 374 791 l.
430 749 824 805 Qeozrnzscrnocss,
875 752 1047 795 Fratres
1096 748 1386 807 dilectissimi,
1427 749 1702 801 devotionis,

277 828 432 863 vestrse
453 820 619 880 jejunia
643 821 988 881 praenuntiantes
1023 820 1278 878 indicimus,
1304 822 1430 867 toties
1447 831 1498 866 ut
1519 822 1671 867 obser-

275 890 386 934 vetis
411 900 453 935 ct
476 889 642 936 faciatis
666 893 892 937 hortantes
913 908 1261 938 commonemus.
1293 892 1425 938 Multi
1445 893 1562 938 enim
1582 908 1673 937 non

277 971 367 1006 tam
387 962 560 1009 delicati
578 980 710 1026 quam
732 965 867 1025 pigri,
893 981 983 1011 non
1005 965 1148 1010 vitiosi
1177 965 1460 1025 corporibus,
1487 963 1565 1009 sed
1592 979 1673 1025 po-

275 1034 362 1078 tius
385 1035 608 1080 mentibus
630 1035 847 1092 indevoti,
869 1037 1117 1082 animorum
1138 1052 1319 1082 suorum
1335 1036 1440 1081 vitia
1461 1035 1675 1080 mentien-

277 1114 340 1149 tes
361 1116 568 1151 excusant
589 1106 849 1167 fegritudine
871 1106 1017 1169 aliqua
1033 1108 1266 1164 viscerum,
1281 1116 1358 1152 aut
1374 1105 1675 1152 imbecillitate.

276 1176 600 1234 membrorum,
622 1187 666 1222 et
693 1194 971 1239 quanquam,
998 1188 1049 1224 ut
1079 1178 1189 1234 dixi,
1216 1178 1492 1237 confingant,
1529 1187 1676 1222 tamen

278 1248 358 1291 etsi
396 1248 564 1293 habent
594 1248 775 1310 aliquod
805 1249 984 1306 vitium,
1022 1266 1074 1295 eo
1106 1250 1244 1311 magis
1276 1264 1453 1294 currere
1484 1247 1674 1293 debent¹

279 1318 335 1363 ad
360 1320 596 1380 jejunium.
637 1321 758 1367 Sicut
789 1322 906 1367 enim
940 1320 1107 1367 deliciae
1141 1329 1350 1381 generant
1381 1320 1581 1377 morbOS,
1619 1321 1677 1366 ita

270 1391 425 1452 jejunii
458 1401 521 1436 est
553 1393 693 1453 posita
724 1392 963 1449 medicina,
996 1392 1254 1439 morborum
1284 1407 1428 1437 causa.
1466 1392 1677 1437 Dominus

278 1472 426 1508 autem
458 1465 542 1509 hoc
572 1464 807 1525 providens
840 1466 900 1510 sic
933 1464 1132 1527 praedicit
1164 1475 1216 1510 ut
1247 1465 1405 1510 devota
1438 1465 1602 1526 jejunia
1635 1473 1679 1509 et

276 1535 440 1580 vitiosis
462 1535 641 1581 indicat.
668 1536 770 1581 Tale
788 1535 979 1599 denique
997 1552 1159 1582 nomen
1176 1537 1352 1599 jejuniis
1373 1536 1603 1598 imposuit,
1628 1545 1679 1581 ut

280 1622 332 1652 ea
354 1624 444 1652 non
466 1608 656 1654 audeant
678 1625 759 1654 nee
781 1608 947 1655 debiles
971 1625 1185 1655 recusare.
1221 1609 1473 1655 Sacerdotes
1494 1608 1681 1670 proinde

283 1694 383 1723 suos
415 1680 481 1724 his
511 1680 654 1725 verbis
683 1680 887 1725 instruxit
916 1696 994 1741 per
1017 1680 1114 1726 Jo‘el
1145 1682 1407 1741 prophetam
1430 1679 1678 1725 dicentem:

287 1770 307 1793 α
345 1752 619 1796 Sanctificate
633 1753 874 1813 jejunium,
901 1754 1172 1798 curationem
1191 1753 1426 1813 prsedicate
1438 1754 1522 1811 (a).
1547 1770 1567 1793 »
1589 1754 1681 1798 Cu-

283 1824 394 1869 ratio
420 1824 554 1883 igitur
582 1825 692 1885 quid
715 1835 779 1870 est
805 1826 887 1870 nisi
909 1842 1145 1886 corporum
1179 1826 1428 1870 medicina?
1458 1825 1500 1870 Si
1522 1823 1682 1869 medici

281 1896 406 1955 :egris
434 1896 599 1956 jejunia
628 1896 909 1956 impertiunt,
943 1907 993 1941 ut
1022 1906 1232 1941 curentur
1260 1913 1466 1958 corpora,
1504 1895 1682 1940 eadem-

281 1983 369 2028 que
404 1967 715 2024 languentibus
754 1984 834 2028 pro
880 1967 1052 2013 medela
1086 1967 1355 2024 succedunt,
1398 1969 1683 2028 humanaque

283 2040 423 2084 omnis
456 2040 683 2084 infirmitas
712 2055 826 2098 segra
861 2049 925 2084 est
955 2056 1134 2085 suorum
1164 2040 1308 2085 calore
1337 2040 1569 2098 vitiorum3
1606 2056 1684 2084 eur

284 2127 373 2156 non
415 2111 505 2171 ipsa
543 2111 773 2156 infirmitas
806 2128 1042 2173 corporum
1069 2112 1247 2173 jejuniis
1270 2112 1473 2171 legitimis
1505 2128 1683 2157 recura-

284 2192 378 2239 tur,
407 2198 508 2243 quae
535 2192 687 2227 eontra
717 2183 862 2227 omnia
880 2183 985 2228 vitia
1007 2183 1224 2227 mentium
1247 2182 1377 2228 simul
1394 2193 1685 2245 etcorporum

283 2255 483 2315 pi·:ecipit
513 2253 698 2299 salubris
721 2255 938 2300 institutio
971 2253 1281 2299 sacerdotum?
1314 2257 1423 2300 Nam
1456 2265 1507 2300 ut
1531 2255 1684 2300 eadem

284 2326 456 2387 plenius
483 2337 751 2386 repetamus,
776 2327 871 2371 lisec
895 2325 1027 2371 dicit:
1058 2346 1078 2368 «
1107 2326 1403 2382 Sanctificate,
1432 2327 1594 2388 inquit,
1613 2328 1683 2388 jc-

288 2417 308 2439 »
340 2398 538 2459 junium,
577 2408 619 2442 et
657 2397 891 2459 praedicate
935 2398 1233 2443 curationem:
1271 2398 1462 2458 colligite
1500 2401 1684 2461 majores

288 2488 307 2510 »
345 2478 473 2523 natu,
496 2479 538 2513 et
560 2469 809 2514 habitantes
833 2479 991 2514 terram
1010 2469 1055 2513 in
1079 2468 1212 2513 domo
1236 2469 1410 2513 Domini
1437 2471 1513 2515 Dei
1536 2470 1680 2525 vestri,

334 2565 378 2606 (a,x
400 2565 482 2597 Joi'l.
503 2577 531 2606 ι,
552 2569 602 2606 14,
619 2570 651 2597 et
671 2577 711 2606 n,
734 2565 771 2597 15
787 2592 795 2608 ‚
812 2566 905 2608 juta
920 2566 1098 2599 versionem
1118 2564 1260 2607 Vulgatae
1279 2564 1428 2607 antiquae.

338 2641 343 2654 ¹
374 2634 479 2664 emto<
501 2633 581 2664 ηιῑιῐι·
600 2635 787 2665 cmv-arsut.
