1803 3276
164 273 302 302 SEnMo
320 274 394 300 xx.
413 274 466 299 DE
481 272 669 309 JEJLMO,
695 269 994 298 MlsEMCORDIA
1013 271 1065 297 ET
1084 269 1360 299 ΒΑΡΤῙεΜΑΤΕ.
1398 261 1481 301 135

95 336 447 393 misericordiam,
468 346 511 381 et
528 334 658 381 simul
679 334 834 391 fidem,
859 333 915 379 de
942 335 1006 379 his
1024 335 1101 396 qui
1120 334 1253 380 modo
1275 352 1366 382 non
1386 353 1483 384 cre·-

95 410 223 454 dunt.
261 409 418 454 Merito
445 407 521 452 dat
541 406 611 452 vel
632 406 778 466 aegris,
803 407 880 467 qui
901 415 1049 451 tamen
1064 398 1197 464 digni
1222 416 1349 463 sunt,
1374 408 1484 470 bap—

95 482 288 537 tismum,
313 478 433 542 quod
454 478 559 535 laeti,
577 477 683 523 salvi
706 492 754 523 ac
772 478 916 537 vegeti
938 492 1017 538 per
1034 478 1198 522 Pascha
1220 491 1389 523 sumere
1405 494 1487 525 no-

93 552 273 597 luerunt
289 588 300 608 ,
331 549 526 611 apostolo
555 549 692 595 Paulo
722 548 920 594 dicente:
961 568 982 592 «
1008 547 1118 593 Inde
1141 558 1205 594 est
1221 549 1344 611 quod
1358 550 1489 596 multi

96 642 118 666 ιι
153 622 315 668 infirmi
343 631 387 666 et
419 622 523 681 aegri
555 630 657 667 sunt
684 621 798 665 inter
830 635 928 677 vos,
961 630 1004 665 et
1028 619 1255 666 dormiunt
1290 621 1484 682 plurimi.

96 709 117 737 s)
151 694 283 749 Quod
309 695 343 739 si
360 709 439 739 nos
456 695 570 754 ipsos
588 693 947 755 dijudicaremus,
973 694 1240 756 nonvutique
1264 693 1488 754 judicare-

96 785 116 808 »
150 781 273 824 mur,
298 765 406 811 dum
428 774 574 809 autem
592 765 840 825 judicamus
864 781 887 810 a
908 765 1100 810 Domino
1118 765 1379 826 corripimur
1393 802 1405 823 ,
1431 781 1487 813 ne

96 854 116 878 >›
151 850 253 881 cum
275 836 359 881 hoc
380 835 548 881 mundo
570 836 830 880 damnemur
840 838 924 895 (a).
955 855 975 877 »
1000 835 1119 881 Nihil
1143 845 1207 881 est
1227 836 1490 896 aegritudine

91 908 278 966 gravius,
319 907 431 952 nihil
471 907 626 952 morbo
659 906 903 963 crudelius,
937 905 1047 952 nihil
1079 905 1253 951 dulcius
1284 908 1485 965 sanitate,

91 977 205 1022 nihil
237 987 384 1023 autem
416 987 480 1023 est
509 978 686 1039 jejuniis
719 977 869 1022 utilius
899 976 958 1022 ad
993 976 1194 1022 salutem.
1241 980 1361 1022 Dura
1388 987 1491 1024 sunt

90 1064 194 1094 cum
213 1049 534 1110 praecipiuntur
550 1070 561 1107 3
586 1064 688 1093 nam
711 1048 908 1093 medicus
925 1058 1028 1093 cum
1045 1047 1297 1108 aegritudini
1318 1059 1490 1095 contra-

90 1121 151 1166 ria
187 1121 384 1182 jusserit,
409 1119 613 1165 salutaria
629 1120 902 1181 judicantur.
935 1121 973 1164 Ο
1004 1119 1195 1181 perdura
1215 1121 1485 1168 mortalitas!

89 1192 193 1253 quia
219 1192 290 1238 vel
317 1192 377 1237 sic
409 1192 570 1252 probas
597 1192 729 1237 saluti
753 1191 957 1253 prodesse
987 1193 1173 1253 jejunia.
1209 1192 1365 1239 Redde
1395 1197 1488 1242 Deo

83 1264 249 1325 jejunia
272 1280 373 1325 quae
399 1263 554 1327 indicit
581 1279 659 1324 per
689 1264 916 1324 episcopos
932 1299 942 1319 ,
979 1279 1036 1308 ne
1067 1279 1146 1324 per
1172 1265 1366 1310 medicos
1396 1266 1489 1311 exi-

90 1344 271 1395 gantur,
306 1333 538 1380 Salomone
561 1334 763 1380 dicente:
794 1354 814 1377 «
838 1334 937 1381 Noli
961 1350 1051 1380 esse
1077 1336 1248 1396 sapiens
1277 1335 1396 1398 apud
1417 1346 1487 1398 te3

87 1422 112 1448 ι)
148 1406 253 1451 time
286 1415 434 1452 autem
470 1409 634 1462 Deum,
671 1415 714 1451 et
745 1405 924 1451 ‘declina
952 1407 1007 1451 ab
1042 1407 1162 1452 omni
1194 1407 1326 1453 malo.
1364 1411 1489 1456 Tunc

90 1495 112 1520 »
147 1478 306 1524 sanitas
344 1478 426 1523 erit
463 1478 775 1539 corpori-tuo,
808 1487 853 1523 et
890 1494 995 1523 cura
1035 1479 1205 1524 ossibus
1243 1480 1328 1525 tuis
1350 1479 1432 1541 (b).
1462 1499 1484 1525 >›

88 1551 267 1612 Jejuna,
303 1551 469 1613 inquit,
495 1553 602 1607 Deo,
629 1550 731 1613 quia
754 1566 883 1597 sanus
907 1566 967 1608 es,
993 1551 1070 1613 qui
1092 1567 1183 1597 non
1202 1551 1268 1598 vis
1291 1551 1487 1600 febribus

82 1622 293 1684 jejunare.

148 1696 207 1738 ΙΙ.
239 1697 303 1739 De
331 1693 574 1754 baptism0¹
597 1694 800 1755 primitus
826 1693 1115 1755 disputemus.
1150 1713 1171 1738 ι(
1196 1694 1390 1752 Clamat,
1415 1695 1487 1742 in-

89 1781 110 1806 »
145 1765 265 1826 quit,
292 1767 416 1810 Jesus
447 1781 553 1811 voce
574 1780 734 1825 magna
756 1764 931 1825 dicens3
957 1766 1045 1821 Qui
1066 1766 1158 1811 sitit
1179 1766 1328 1811 veniat
1349 1775 1393 1812 et
1414 1766 1488 1811 bi-

88 1853 110 1877 »
144 1835 222 1881 bat
248 1838 326 1895 (c).
356 1854 377 1879 n
401 1836 574 1883 Clamat
594 1837 732 1882 Filius
756 1837 857 1893 Dei,
881 1837 1205 1893 contemnitur,
1231 1836 1454 1883 fastiditur
1474 1856 1484 1884 :

85 1906 231 1952 ultro²
247 1907 435 1970 populos
456 1910 567 1970 petit
601 1908 657 1954 ad
689 1910 872 1968 gratiam
888 1945 899 1965 ,
935 1918 978 1953 et
1005 1909 1240 1969 spernitur.
1268 1910 1486 1957 Emendat

85 1978 301 2037 singulos,
343 1989 394 2024 ut
424 1989 615 2040 petatur.
655 1983 782 2025 Parat
814 1996 934 2024 nunc
967 1980 1251 2040 purissimum
1281 1979 1481 2040 fontem,

84 2050 310 2112 ipsamque
332 2051 440 2096 sacri
464 2051 735 2112 baptismatis
757 2050 890 2095 fidem
911 2061 1183 2097 sacramento
1207 2068 1297 2097 suae
1315 2052 1483 2113 passio-

84 2121 151 2165 nis
173 2121 387 2183 adjungit.
414 2124 553 2167 Vocat
570 2132 751 2167 cunctos
774 2123 831 2166 ad
852 2122 984 2167 fidem
1002 2159 1012 2178 ,
1034 2123 1111 2168 sed
1138 2139 1286 2169 amore
1312 2125 1483 2185 peccati

84 2194 311 2253 refugiunt
341 2194 486 2239 miseri
521 2195 702 2255 gratiam
742 2211 842 2256 quae
874 2193 962 2239 illis
992 2196 1191 2241 offertur.
1228 2199 1343 2242 Cum
1378 2212 1482 2257 ergo

84 2265 300 2325 coeperint
315 2266 495 2326 corrigi,
525 2266 743 2327 coeperint
765 2265 1012 2323 emendari,
1048 2275 1153 2312 tunc
1170 2266 1282 2312 velle
1312 2283 1481 2327 cogun-

84 2345 158 2381 tur
180 2337 375 2397 accipere
402 2338 524 2398 quod
549 2347 675 2383 antea
698 2347 954 2383 renuerunt.
990 2339 1077 2399 Ipsi
1102 2341 1192 2400 jam
1214 2338 1481 2385 clamoribus

83 2417 263 2468 petunt,
285 2407 406 2469 quod
426 2408 600 2454 Christo
617 2408 834 2453 clamante
851 2425 1020 2454 sumere
1037 2409 1339 2469 neglexerunt.
1359 2413 1482 2456 Tunc

84 2478 269 2539 proximi
298 2479 370 2524 vel
398 2480 638 2542 propinqui
667 2481 1013 2542 uniuscujusque
1043 2481 1291 2541 languentis
1320 2481 1377 2528 ad
1401 2499 1482 2529 nos

130 2582 178 2624 (a)
198 2594 210 2615 1
228 2585 302 2616 Cor.
321 2594 372 2626 xi,
393 2583 511 2617 30-32.
531 2601 573 2608 —
598 2583 642 2625 (b)
661 2586 756 2617 Prov.
774 2596 825 2627 ιιι,
849 2596 887 2628 7,
909 2585 940 2617 8.
958 2602 1001 2608 -
1025 2584 1069 2626 (c)
1087 2586 1179 2618 Joan.
1201 2596 1265 2628 vn,
1290 2586 1342 2631 37.

135 2657 146 2674 ¹
171 2651 248 2685 Vide
266 2654 368 2686 Sei-m.
388 2663 457 2685 ccx.
479 2669 521 2676 --
546 2660 559 2676 ²
579 2653 787 2707 Codex‘malc
805 2657 960 2696 punctum
978 2653 1077 2687 habet
1095 2658 1167 2697 post
1186 2653 1289 2687 ultro.
