1803 3276
334 175 388 211 78
762 181 794 206 s.
832 177 1061 206 Atotsnm
1096 175 1275 204 muscum

338 269 358 290 »
392 247 557 293 munda
596 244 771 290 mundis
792 245 878 302 (a).
912 261 933 285 υ
975 246 1032 289 Et
1071 243 1106 287 si
1148 240 1324 287 mundis
1373 241 1517 286 omui!
1559 242 1726 291 munda

334 335 434 382 quae
456 319 663 364 videntur
688 317 731 361 iu
755 315 950 371 mundo,
974 323 1140 377 quanto
1163 312 1300 372 magis
1322 314 1414 358 Deo
1442 312 1607 358 munda
1627 316 1731 360 suut

335 391 510 445 omnia,
535 389 612 451 qui
634 387 827 434 mundus
852 387 957 432 fecit
980 386 1127 431 omnia
1150 383 1331 429 munda.
1359 380 1432 430 Sic·
1454 384 1570 428 enim
1594 383 1760 452 scrip«-
1756 389 1758 402 ¹

337 472 430 508 tum
453 468 542 506 est:
573 480 593 503 ιι
619 464 675 506 Et
702 459 813 504 vidit
834 462 948 503 Deus
971 454 1116 504 omnia
1138 469 1239 517 quae
1263 453 1388 511 fecit,
1413 464 1457 499 et
1478 470 1578 500 ecce
1600 454 1731 502 valde

339 553 359 575 n
382 534 496 578 bona
511 531 594 592 (b).
604 550 624 574 »
641 533 676 576 F
683 531 743 576 tsi
759 531 873 576 bona
888 529 1381 587 omnia,conscquente1
1391 536 1435 571 et
1447 525 1627 572 munda.
1646 525 1733 573 Sed

336 619 437 650 cum
465 619 544 648 nos
572 602 687 648 male
718 603 887 647 utimur
920 601 1050 646 iebus
1080 598 1255 645 mundis
1277 613 1300 644 a
1334 601 1426 644 Deo
1448 598 1601 654 factis,
1630 613 1732 660 quae
1764 593 1766 608 '

337 685 461 721 erant
486 674 652 720 munda
677 672 802 718 nobis
824 673 938 718 iacta
971 681 1074 718 suut
1106 670 1332 716 immunda
1363 670 1433 716 vel
1466 670 1626 730 turpia.
1664 671 1734 715 Sic

336 747 451 791 enim
475 745 578 789 alibi
600 744 655 788 de
677 744 971 788 animantibus
995 743 1163 788 dictum
1186 751 1274 788 est:
1303 762 1324 786 «
1351 740 1584 787 lmmuuda
1603 749 1736 790 erunt

340 836 359 858 »
386 816 510 862 vobis
522 817 631 875 (c).»
652 817 745 860 Hoc
763 814 1006 860 cstdiccre:
1029 814 1192 860 «Vobis
1203 813 1621 869 eruutimmundap»
1646 826 1736 858 non

338 888 471 944 mihi,
501 888 547 932 in
573 902 803 948 personam
827 896 1046 943 statuens,
1071 902 1163 932 non
1195 902 1405 932 revocans
1426 885 1483 930 ad
1504 894 1736 944 naturam3

339 970 383 1005 et
406 960 622 1006 ascribens
644 960 750 1005 vitio
770 960 934 1005 utentis
948 996 958 1016 ,
980 976 1070 1004 nou
1092 959 1292 1005 instituto
1314 958 1536 1019 imputans
1556 959 1738 1003 Creato-

340 1033 410 1077 ris.
431 1033 541 1078 Nam
566 1041 609 1076 et
629 1032 783 1077 viuum
802 1040 957 1076 natura
982 1031 1151 1077 bonum
1171 1040 1258 1087 est,
1285 1030 1361 1075 sed
1378 1030 1550 1074 ebrioso
1570 1027 1739 1073 malum

339 1114 430 1163 est3
455 1113 499 1148 et
520 1103 608 1148 mel
626 1104 793 1148 honum
818 1112 861 1148 et
885 1103 1016 1149 dulce
1034 1113 1097 1149 est
1114 1139 1125 1159 ,
1151 1103 1228 1148 sed
1249 1102 1444 1148 causario
1467 1100 1737 1147 contrarium

338 1185 469 1237 atquc
485 1175 711 1220 inimicum
725 1184 814 1234 est3
833 1184 876 1220 et
893 1196 913 1217 «
925 1179 1012 1220 Lex
1026 1176 1141 1220 bona
1159 1173 1315 1231 est((l),
1333 1195 1350 1217 »
1368 1173 1539 1219 utdixit
1553 1176 1738 1233 Aposto⁶

338 1245 428 1303 lus,
452 1247 529 1291 sed
549 1247 692 1308 siquis
714 1247 873 1307 eajurc
886 1255 1062 1306 utatur3
1087 1247 1190 1308 quia
1203 1247 1280 1308 qui
1301 1262 1348 1291 ea
1361 1247 1461 1307 jure
1475 1261 1565 1290 non
1578 1245 1734 1300 utitur,

339 1332 430 1364 non
440 1319 596 1374 utitur⁷
608 1317 685 1363 sed
697 1318 1014 1364 abutitur.Non
1026 1334 1128 1378 ergo
1142 1319 1221 1364 ista
1234 1319 1379 1363 omnia
1396 1315 1623 1363 immunda
1634 1313 1740 1362 fecit

339 1397 495 1436 natura
511 1423 523 1446 ,
553 1388 630 1435 sed
652 1404 803 1445 causa,
829 1390 932 1451 quia
963 1389 1197 1435 interdicta
1220 1398 1338 1435 sunt.
1375 1388 1615 1435 Interdicta
1635 1395 1742 1434 sunt

339 1459 606 1523 specialiter,
631 1476 722 1506 non
755 1460 988 1506 maledicta
1015 1460 1296 1520 generaliter,
1323 1477 1405 1506 nec
1433 1459 1634 1506 absoluta
1655 1457 1741 1504 fuit

340 1548 487 1579 rerum
515 1532 590 1578 illa
619 1532 868 1589 damnatio,
893 1532 969 1578 sed
990 1524 1187 1594 personae'
1213 1532 1419 1579 mandata
1443 1530 1741 1593 temporaliter

338 1605 595 1666 prohibitio.
635 1605 721 1652 Sed
759 1605 845 1650 hoc
877 1605 1160 1666 probavimus
1182 1605 1469 1664 testimoniis3
1505 1604 1741 1650 doceamus

341 1674 542 1737 exemplo
551 1711 565 1732 ,
589 1683 633 1720 ct
653 1674 820 1720 munda
854 1691 944 1721 esse
980 1692 1081 1737 quae
1103 1675 1312 1720 dicuntur
1339 1674 1570 1721 immunda
1591 1684 1742 1721 monsa-
1802 1672 1803 1681 ¹

342 1755 522 1792 tremus,
550 1746 766 1792 Omnibus
789 1755 945 1792 notum
966 1746 1129 1808 quibus
1151 1754 1326 1792 evectus
1347 1746 1464 1795 Elias
1480 1744 1740 1792 venerabilis

342 1818 451 1878 gerit
486 1819 532 1863 iu
572 1817 732 1863 saeculo
765 1817 1070 1878 peregrinum,
1110 1826 1161 1863 ut
1196 1833 1275 1878 per
1308 1818 1468 1878 gradus
1499 1812 1740 1878 laurigeros

342 1890 667 1950 triumphorum
683 1925 694 1945 ,
730 1889 937 1949 singulari
960 1890 1016 1934 de
1044 1890 1215 1935 mundo
1239 1898 1516 1946 transcursu,
1541 1889 1598 1935 ad
1617 1904 1744 1951 parar-

342 1959 421 2005 djsi
462 1958 696 2004 tetenderit
735 1969 1053 2016 commeatum,
1091 1961 1321 2005 sanctitate
1354 1960 1533 2022 plenus,
1576 1960 1740 2006 virtute

341 2029 559 2091 perfectus
575 2064 586 2086 ‚
635 2029 737 2075 coeli
777 2031 1002 2086 consciuS‚
1041 2031 1194 2076 aeterni
1233 2032 1422 2076 nemoris
1469 2029 1738 2092 inquilinus:

342 2103 484 2160 Elias,
525 2104 706 2164 inquam
723 2139 734 2159 ‚
764 2102 840 2148 ille
864 2102 1125 2149 venerabilis
1151 2115 1305 2150 currus
1326 2099 1442 2164 ignei
1457 2113 1609 2151 vector
1630 2104 1741 2149 illae-

342 2189 438 2231 sus,
473 2183 519 2219 et
546 2173 788 2235 intrepidus
810 2174 1037 2236 quadrigae
1068 2170 1429 2236 ssanunigerantis
1455 2170 1630 2237 auriga5
1664 2177 1742 2238 qui

342 2245 388 2289 in
411 2261 541 2291 carne
558 2244 731 2291 mortali
752 2262 830 2307 per
847 2247 995 2307 ignem
1011 2239 1211 2293 transivit
1226 2247 1273 2292 in
1302 2247 1466 2307 ignem.
1494 2251 1546 2293 In
1567 2243 1742 2309 paradi*

343 2331 440 2361 sum
474 2316 591 2360 enim
625 2315 810 2362 docetur
830 2332 923 2362 esse
946 2326 1218 2364 transvectus
1233 2353 1244 2374 ‚
1269 2327 1313 2362 et
1333 2318 1543 2379 quoniam
1564 2314 1740 2379 paradi-‘-

342 2404 439 2444 sus,
465 2387 602 2448 ejecto
624 2388 802 2434 homine
818 2423 830 2445 ,
865 2403 993 2434 verus
1016 2399 1079 2434 est
1104 2389 1215 2449 ignis
1238 2390 1428 2436 ambitus
1445 2426 1456 2446 ,
1486 2390 1738 2437 vehiculum

343 2460 510 2520 aceepit
532 2458 642 2518 iguis
658 2494 669 2516 ‚
702 2469 752 2504 ut
784 2459 979 2505 ssammas
1001 2461 1119 2521 ignei
1147 2461 1282 2522 possit
1305 2478 1511 2524 superare
1529 2462 1734 2510 custodis.

389 2556 435 2598 (a)
450 2557 513 2593 Tit„
538 2566 574 2601 ι,
590 2557 643 2594 15.
667 2573 709 2583 -
734 2557 777 2599 (b)
795 2561 875 2593 Gen.
894 2569 926 2603 ι,
946 2558 998 2594 31.
1017 2575 1058 2585 -
1073 2558 1115 2601 (c)
1134 2560 1228 2595 Dour.
1250 2570 1316 2604 xlv,
1335 2570 1370 2605 7.
1387 2574 1429 2587 --·
1447 2559 1496 2604 (d)
1518 2571 1531 2596 1
1546 2561 1626 2598 Tim.
1652 2573 1681 2604 ι,
1703 2563 1736 2595 8.
