1803 3276
339 323 479 352 51111110
516 324 612 352 xiii.
650 324 693 352 η’
728 323 882 353 aaran
917 327 1071 354 nomm
1105 328 1182 353 111.
1371 320 1454 356 109

62 389 195 434 simus
208 398 340 451 caput
356 390 552 435 omnium
565 390 641 451 qui
663 400 888 436 transeunt
900 387 954 436 de
972 400 1111 437 morte
1127 387 1182 435 ad
1195 391 1344 436 vitam.
1371 393 1453 437 Pe-

61 460 174 521 perit
188 461 321 521 Virgo
343 461 498 518 filium,
524 462 600 523 qui
623 465 713 507 Deo
735 463 845 508 filios
868 462 1044 519 faceret,
1070 464 1145 525 qui
1165 463 1454 522 ignominiam

61 531 210 577 mortis
222 531 405 589 tolleret,
418 542 461 578 et
473 533 684 579 morituro
697 534 856 580 saeculo
869 535 1003 580 vitam
1016 544 1276 596 perpetuam
1290 533 1456 579 condo-

61 613 199 648 naret.
212 605 400 649 Generat
412 603 554 649 filium
572 605 617 649 in
633 603 771 650 forma
787 606 896 651 servi
907 606 1039 666 Virgo
1050 615 1189 651 mater
1202 605 1248 650 in
1259 605 1398 661 terris,
1412 615 1456 650 et

61 678 176 721 Deus
199 678 325 720 Pater
345 676 532 737 suscepit
548 676 853 738 imperatorem
874 678 921 722 in
941 677 1079 723 coelis.
1102 679 1291 723 Generat
1318 685 1457 722 mater

60 745 201 792 filium
220 763 243 792 a
262 746 352 793 filio
370 748 603 794 nutrienda
628 784 640 806 ,
665 758 709 794 et
732 749 905 795 mortali
929 758 1055 795 utero
1072 753 1215 795 Deum
1237 748 1456 809 hospitem

59 827 206 878 portat
227 853 239 874 ,
262 818 335 865 cui
356 828 500 865 totum
522 836 680 881 parum
712 830 777 866 est
799 819 978 866 coelum.
1005 821 1204 881 Denique
1230 820 1277 864 in
1300 819 1457 864 eximio

59 899 190 949 partu
211 891 500 937 coruscabant
521 892 658 952 magis
690 892 868 948 viscera,
890 908 1024 954 quam
1047 890 1278 948 dolebant3
1303 889 1458 935 coeles-

60 960 114 1005 tis
131 977 327 1022 propago
346 963 619 1023 germinabat
634 962 680 1007 in
701 973 869 1019 ventre,
887 972 930 1007 et
952 963 994 1006 in
1018 962 1220 1007 humanis
1244 961 1459 1021 gressibus

60 1041 238 1078 vectura
267 1032 419 1078 deifica
440 1033 711 1094 portabatur.
750 1034 958 1078 Portabat
981 1034 1025 1078 in
1054 1032 1257 1078 cubiculo
1279 1031 1460 1093 pudoris

61 1102 295 1159 inclusum,
320 1120 454 1166 quem
480 1103 582 1149 coeli
602 1119 691 1149 non
709 1104 904 1165 capiunt,
925 1114 969 1149 et
990 1104 1106 1165 parit
1127 1120 1246 1160 eum,
1270 1119 1360 1149 non
1382 1102 1458 1164 qui

60 1174 278 1220 nascendo
300 1174 516 1235 pollueret
537 1175 795 1236 parientem,
822 1175 898 1220 sed
914 1175 992 1236 qui
1016 1191 1039 1219 a
1062 1174 1307 1236 pollutione
1330 1189 1460 1219 omne

59 1244 270 1290 saeculum
290 1245 507 1291 nascendo
524 1244 704 1291 lavaret.
735 1248 891 1291 Sancta
907 1244 1108 1301 credidit,
1129 1254 1278 1290 sancta
1302 1260 1461 1289 conce-

60 1315 142 1376 pit,
167 1316 244 1361 sed
265 1316 455 1362 Sanctior
476 1326 540 1362 est
555 1318 710 1362 effecta
722 1326 821 1377 post
843 1326 1033 1377 partum.
1055 1316 1209 1362 Extitit
1228 1317 1345 1360 enim
1358 1316 1460 1360 Vir-

62 1388 174 1448 ginis
195 1388 286 1449 ipse
307 1389 444 1445 filius,
477 1389 554 1451 qui
579 1398 671 1434 erat
692 1405 874 1450 sponsus
888 1425 899 1445 ,
934 1389 1025 1449 ipse
1055 1389 1249 1449 genitus,
1271 1388 1347 1449 qui
1370 1397 1462 1433 erat

63 1459 248 1520 genitor.
283 1460 377 1506 Illic
409 1459 495 1506 suit
514 1462 817 1522 paranympha
851 1461 1104 1519 credulitas3
1128 1461 1460 1522 paranymphus

62 1530 407 1591 Archangelus¹.
437 1535 568 1577 Facta
601 1541 740 1576 mater
768 1541 812 1576 et
839 1531 961 1590 virgo
989 1548 1167 1592 sponsa,
1204 1541 1273 1587 et,
1319 1531 1460 1592 ipsum

61 1616 195 1663 quem
215 1602 400 1662 peperit,
426 1603 624 1648 Christus
641 1618 839 1663 sponsus.
864 1602 1087 1664 Siquidem
1110 1603 1200 1663 ipse
1220 1612 1284 1647 est
1313 1605 1463 1648 Sermo

63 1688 138 1718 ore
160 1673 298 1719 Patris
318 1672 537 1734 prolatus,
570 1683 613 1719 et
633 1674 693 1719 ita
713 1683 777 1719 est
798 1689 823 1718 a
853 1674 1034 1733 Virgine
1062 1674 1341 1720 immaculata
1368 1690 1465 1719 sus-

63 1753 247 1806 ceptus,
273 1754 317 1790 et
342 1745 433 1806 ipse
452 1745 535 1790 sibi
557 1745 604 1790 in
626 1747 718 1806 ejus
740 1754 866 1790 utero
888 1746 1128 1802 hominem,
1148 1746 1193 1790 in
1217 1762 1306 1808 quo
1331 1746 1464 1805 digne

62 1826 355 1878 permaneret,
377 1818 558 1878 aptavit,
571 1816 743 1863 dicente
757 1827 905 1862 sancto
932 1818 1092 1878 Spiritu
1105 1833 1184 1878 per
1199 1817 1465 1878 Sapientiam

74 1888 316 1934 Salomonis
348 1907 356 1934 :
382 1889 495 1943 Quia
524 1890 613 1950 ipsa
650 1909 669 1932 «
695 1889 777 1934 sibi
813 1889 1033 1950 Sapientia
1072 1889 1353 1934 aedificaverit
1385 1888 1466 1933 do-

69 1978 91 2003 »
110 1975 232 2006 mum
242 1964 351 2017 (α).»
369 1963 477 2015 Quae
498 1961 616 2006 enim
634 1961 870 2021 Sapientia,
892 1961 974 2005 nisi
993 1960 1130 2005 Filius
1143 1960 1223 2006 Dei
1240 1970 1340 2005 ante
1354 1970 1465 2005 tem-

65 2046 173 2093 pora
200 2048 252 2076 cx
283 2035 409 2076 Patre
432 2032 635 2091 genitus?
662 2034 721 2077 Et
749 2048 850 2093 quae
884 2030 1040 2076 domus
1070 2032 1163 2092 ejus
1179 2067 1189 2087 ,
1229 2032 1310 2076 nisi
1333 2033 1465 2077 homo

68 2103 265 2148 Christus
288 2105 435 2159 Jesus,
460 2118 594 2164 quem
615 2102 695 2147 sibi
714 2102 805 2162 ipse
833 2102 1100 2158 construxit,
1127 2118 1260 2163 quem
1283 2101 1467 2162 gloriosa

68 2173 203 2231 Virgo
242 2173 454 2233 suscepit,
479 2189 611 2234 quem
636 2172 821 2234 Spiritus
843 2183 1017 2218 sanctus
1049 2173 1294 2234 copulavit,
1332 2189 1466 2234 quem

71 2243 246 2289 Gabriel
274 2243 562 2303 archangelus
584 2243 827 2300 nuntiavit,
860 2260 994 2305 quem
1016 2243 1286 2303 Angelorum
1309 2245 1468 2289 chorus

70 2313 334 2370 decantavit,
358 2324 402 2359 et
423 2314 545 2360 stella
562 2314 730 2374 fulgida
752 2314 1083 2360 demonstravit?
1103 2315 1224 2359 Fecit
1246 2314 1469 2374 gravidam

73 2386 299 2446 Virginem
317 2386 422 2446 ipse,
449 2386 525 2447 qui
545 2395 636 2431 erat
654 2403 706 2430 ex
724 2386 903 2445 Virgine
926 2386 1189 2444 nasciturus3
1210 2402 1299 2431 11011
1321 2395 1469 2430 tamen

75 2456 315 2519 gravidam,
340 2457 442 2518 quia
460 2456 535 2502 lux
558 2473 649 2502 non
670 2457 803 2502 habet
820 2456 1013 2518 pondus.
1040 2460 1146 2502 Erat
1168 2457 1316 2518 itaque
1332 2457 1469 2515 Virgo

78 2528 276 2588 gravida,
307 2538 351 2574 et
378 2528 623 2585 exultabat,
649 2528 753 2590 quia
786 2527 908 2590 quod
929 2528 1154 2589 portabat,
1181 2544 1271 2575 11011
1292 2528 1469 2588 ignora-

124 2627 170 2669 (a)
185 2630 278 2662 prov.
299 2639 345 2671 xx,
362 2641 390 2662 1.

129 2701 137 2718 ¹
152 2695 228 2728 vide
243 2698 344 2729 Scrm.
361 2707 432 2729 cxxi
451 2695 641 2741 Appendicis
659 2696 876 2737 Mam-inermis,
891 2708 920 2728 11.
943 2696 972 2728 3
