1803 3276
330 284 415 323 300
773 292 807 318 s.
846 291 1073 320 iitocsrim
1107 291 1289 320 EPISCOPI

327 362 444 406 cium
475 357 654 404 refertas
681 358 901 403 naviculas
927 358 1135 419 Discipuli
1169 357 1454 412 mirarentur,
1485 357 1607 417 quod
1630 357 1725 403 Sal-

330 441 451 476 vator
467 433 595 476 Petro
608 445 696 474 non
711 429 755 474 id
770 429 1040 490 pcrmitteret
1062 428 1186 490 quod
1201 428 1431 489 poscebat,
1449 425 1524 472 scd
1547 441 1727 488 respon-

329 503 468 558 deret,
484 501 605 563 quod
624 502 798 562 penitus
812 500 1069 560 ignorabat?
1082 503 1175 546 Hoc
1189 510 1253 545 est
1267 499 1391 561 quod
1402 499 1447 544 in
1461 498 1569 559 ipsa,
1582 498 1629 544 in
1642 515 1730 560 qua

331 583 438 630 crat,
459 573 659 620 navicula
677 589 764 620 non
782 572 992 618 vivificari
1009 573 1208 618 homines
1222 571 1406 627 soleant,
1421 569 1498 616 sed
1515 569 1731 631 trepidare

329 646 548 705 vestigio?
582 644 692 689 Vide
729 659 831 703 crgo
868 659 924 688 ne
951 644 1031 689 ista
1065 642 1268 689 navicula
1295 658 1385 687 non
1415 642 1470 686 sit
1500 641 1728 698 navicula,

331 733 432 777 quae
449 719 576 760 Petro
591 714 779 773 regenda
793 714 1021 771 tribuitur,
1040 713 1116 759 scd
1128 714 1182 759 sit
1197 713 1391 759 Ecclesia
1406 727 1509 774 quae
1521 711 1734 772 Apostolo

332 786 619 847 gubernanda
649 786 952 831 committitur.
981 789 1080 847 Ipsa
1113 786 1229 831 enim
1265 784 1387 830 navis
1417 793 1504 840 est,
1539 799 1641 845 quae
1679 784 1734 828 de

334 858 568 904 mundanis
602 857 876 914 turbinibus,
897 858 1020 904 Velut
1038 859 1093 904 de
1111 857 1318 902 fluctibus
1340 855 1530 901 elevatos
1558 871 1649 901 non
1663 870 1738 900 ne-

334 946 452 986 care,
485 931 562 976 sed
591 930 810 975 vivificare
828 931 1070 975 consuevit.
1096 933 1207 976 Nam
1235 930 1347 975 sicut
1378 928 1539 986 cymba
1567 926 1737 972 subtilis

334 1001 584 1047 sublevatos
607 1001 839 1061 pisciculos
861 1001 916 1046 de
941 1003 1112 1062 gurgite
1145 1001 1283 1047 salvat
1311 1010 1355 1046 et
1377 1008 1589 1055 retentat,
1614 999 1674 1043 ita
1696 1007 1739 1043 et

338 1073 458 1116 navis
476 1072 681 1117 Ecclesife
704 1071 910 1117 liberatos
928 1071 982 1117 de
1006 1072 1183 1117 turbine
1205 1071 1404 1117 homines
1426 1070 1616 1126 animat,
1638 1084 1740 1113 cum

338 1144 527 1204 capescit
552 1164 560 1189 :
599 1145 763 1188 animat
792 1145 903 1189 intra
943 1161 1009 1200 se,
1047 1145 1250 1205 inquam,
1288 1143 1505 1198 Ecclesia,
1544 1152 1588 1187 et
1619 1140 1742 1186 velut

337 1224 534 1259 mortuos
558 1214 763 1258 vivificat.
797 1217 907 1259 Nam
933 1214 1152 1259 vivificare
1185 1214 1372 1259 verbum
1389 1215 1474 1258 hoc
1497 1213 1739 1272 significat,

338 1284 445 1330 nihil
472 1285 587 1329 enim
604 1285 871 1341 vivificatur,
898 1286 979 1330 nisi
997 1285 1119 1346 quod
1142 1285 1274 1346 paulo
1298 1294 1399 1330 ante
1422 1284 1556 1329 fuerit
1578 1285 1623 1329 in
1635 1285 1739 1329 vita.

340 1356 474 1401 Velut
496 1356 663 1401 saucios
686 1372 789 1416 ergo
812 1356 968 1401 mundi
983 1357 1235 1402 turbinibus
1253 1366 1298 1402 et
1315 1355 1575 1417 praefocatos
1597 1354 1744 1400 saeculi

345 1427 556 1472 [luctibus
589 1428 789 1472 homines
824 1427 1121 1474 vivificaturus
1149 1428 1312 1473 dicitur
1343 1431 1533 1485 Petrus,
1567 1436 1612 1471 et
1644 1427 1742 1487 quia

342 1499 588 1544 mirabatur
610 1497 816 1545 refertam
846 1499 1094 1545 naviculam
1122 1499 1433 1561 palpitantium
1454 1498 1641 1560 piscium
1662 1513 1748 1542 nu-

342 1570 615 1626 merositate,
635 1570 879 1616 viventium
901 1580 1106 1617 onustam
1121 1569 1363 1618 Ecclesiam
1383 1570 1617 1616 hominum
1636 1568 1748 1614 mul-

345 1642 531 1688 titudine
552 1642 652 1703 plus
669 1642 870 1688 miretur.

404 1717 464 1758 ΙΙ.
502 1716 610 1758 Tota
644 1714 777 1772 igitur
806 1714 934 1758 series
970 1713 1170 1759 lectionis
1201 1714 1441 1772 mysticum
1461 1713 1659 1759 continet
1681 1713 1750 1758 in-

344 1785 571 1831 tellectum
589 1808 599 1843 3
617 1801 719 1830 nam
732 1795 774 1830 et
796 1787 841 1830 in
862 1786 1077 1846 superiori
1098 1786 1196 1831 loco
1215 1785 1294 1830 ubi
1311 1785 1465 1831 sedens
1488 1787 1534 1830 in
1547 1784 1750 1831 navicula

344 1856 556 1901 Dominus
579 1855 684 1902 dicit
702 1859 855 1902 Petro:
885 1876 906 1899 «
933 1860 1027 1902 Duc
1048 1857 1095 1901 in
1114 1857 1271 1913 altum,
1297 1867 1341 1902 et
1362 1857 1502 1901 laxate
1524 1857 1631 1901 retia
1660 1872 1751 1901 ves-

349 1946 369 1968 »
406 1937 471 1971 tra
496 1927 542 1970 in
565 1929 893 1987 capturamffl),
921 1945 942 1968 >›
967 1928 1122 1989 utique
1145 1945 1236 1974 non
1258 1938 1349 1972 tam
1370 1943 1473 1972 eum
1507 1928 1636 1973 docet
1660 1929 1752 1988 pis-

347 1999 528 2044 cationis
563 2000 609 2043 in
632 1998 906 2059 profundum
934 2000 1226 2045 instrumenta
1241 2002 1410 2061 jacere,
1432 2016 1566 2061 quam
1587 1999 1751 2061 praedi-

346 2071 526 2115 cationis
550 2071 595 2114 in
613 2069 752 2115 altum
773 2070 907 2116 verba
921 2069 1080 2115 laxare.
1099 2071 1230 2126 Quod
1248 2072 1381 2116 etiam
1398 2071 1560 2117 Paulus
1576 2072 1661 2117 oris
1683 2072 1750 2116 sui

342 2141 492 2203 jaculo
509 2142 752 2202 penetravit
774 2141 944 2187 dicens:
967 2160 988 2184 α
1007 2144 1045 2187 Ο
1062 2142 1249 2189 altitudo
1266 2142 1519 2189 divitiarum
1531 2143 1754 2204 sapientiae

353 2232 374 2253 »
409 2221 453 2257 ct
485 2213 678 2258 scientiae
707 2212 785 2258 Dei
808 2211 895 2272 (b)l
927 2232 948 2254 11
974 2223 1017 2258 et
1039 2214 1222 2276 reliqua.
1254 2217 1375 2271 Non,
1406 2215 1588 2276 inquam
1606 2250 1617 2271 ,
1653 2230 1753 2259 eum

350 2282 478 2328 docet
492 2283 582 2328 lino
597 2283 829 2344 pisciculos
844 2283 1125 2341 concludere,
1142 2285 1218 2330 sed
1238 2285 1324 2330 fide
1347 2285 1546 2349 liomines
1566 2300 1753 2345 congre-

353 2370 467 2413 gare.
496 2357 590 2400 Hoc
612 2355 729 2400 enim
749 2365 957 2415 operatur
978 2355 1086 2400 fides
1110 2356 1156 2400 in
1178 2356 1302 2401 terris
1317 2391 1329 2412 ,
1354 2355 1476 2417 quod
1488 2366 1579 2400 rete
1597 2372 1752 2417 opera-

352 2434 424 2468 tur
456 2425 500 2469 in
533 2426 756 2471 fluctibus.
783 2429 895 2471 Nam
920 2426 1031 2471 sicut
1069 2436 1185 2484 rete,
1211 2443 1322 2488 quos
1357 2427 1576 2483 continet,
1608 2428 1750 2486 vagari

353 2513 442 2541 non
465 2498 650 2556 patitur,
674 2499 731 2543 ita
755 2508 797 2542 ct
817 2499 924 2543 fides
947 2514 1113 2555 errare,
1138 2515 1248 2560 quos
1266 2498 1447 2557 colligit,
1464 2515 1554 2544 non
1577 2499 1752 2559 permit-

357 2569 429 2613 tit:
455 2579 498 2612 ct
520 2569 630 2614 sicut
663 2570 720 2614 ibi
752 2580 899 2631 captos
923 2571 1021 2615 sinu.
1051 2571 1242 2631 quodam
1270 2570 1469 2631 perducit
1497 2571 1550 2616 ad
1575 2571 1746 2626 navim,

404 2655 441 2684 ‘a‘
460 2657 535 2686 linc,
555 2666 584 2695 v,
611 2667 658 2686 111,
683 2674 722 2678 0-
760 2657 789 2688 le'l
812 2658 900 2689 lloni.
925 2669 968 2698 xi,
991 2658 1044 2689 33.
