1803 3276
475 218 613 258 Sermo
645 219 703 258 iv'.
737 220 793 259 012:
824 223 977 259 miseni
1011 232 1058 260 11.
1371 222 1452 262 363

73 286 152 332 bris
170 295 359 342 inlucem‚
375 298 661 334 resurrectionis
678 302 806 344 partus
821 299 993 334 ediderit.
1015 299 1150 335 Partus
1165 300 1260 335 euim
1277 301 1456 338 dicendus

73 359 144 400 est,
166 354 230 391 ubi
256 356 533 401 permutatione
556 355 714 402 quadam
740 357 860 393 anima
884 357 1014 393 tartari
1039 356 1182 403 legibus
1206 360 1384 404 moritur,
1414 365 1455 396 ut

75 414 244 453 redivivo
276 415 446 461 corporis
471 415 552 450 usui
581 421 810 452 renascatur.
841 416 1022 454 Nativitas
1047 417 1143 452 enim
1171 420 1455 456 resurrectionis

75 474 175 520 apud
192 484 359 520 superos,
381 484 480 509 mors
502 474 672 520 quaedam
693 480 747 510 est
764 474 981 511 inferorum.

122 531 194 567 ΙΙΙ.
208 532 326 568 «Post
336 532 414 569 dies
426 538 511 568 octo
524 533 663 569 iterum
677 538 782 570 erant
796 533 1081 579 Discipuliintus
1090 540 1127 571 et
1135 532 1294 571 Thomas
1305 536 1381 584 (a)»
1395 536 1454 573 ille

73 590 137 637 qui
155 595 245 627 tunc
261 600 348 627 cum
366 591 416 627 eis
432 602 507 627 non
523 592 656 633 fuerat,
668 593 980 639 quando«Gavisi
992 598 1077 629 sunt
1094 594 1270 640 Discipuli
1281 595 1358 630 viso
1375 596 1454 632 Do-

73 662 91 682 »
120 651 220 686 mino
234 649 295 698 (b),
308 661 329 686 i)
345 656 382 687 et
395 651 459 697 qui
474 651 719 688 referentibus
732 658 860 698 postea
870 652 1063 699 Discipulis
1082 654 1192 689 dixit:
1207 654 1311 690 «Nisi
1325 656 1455 691 videro

41 750 54 757 Κ
73 720 95 745 »
119 710 255 747 fixuras
266 711 472 757 clavorum,
483 712 672 749 etmittam
682 713 838 758 digitum
847 723 971 748 meum
984 714 1122 749 inlatus
1135 725 1207 749 non
1218 714 1452 763 credam(c).»

74 767 159 805 Hoc
187 780 278 816 ergo
297 770 410 806 hodie
437 781 524 806 cum
539 771 734 817 Discipulis
760 772 912 817 reliquis
930 773 1049 818 posito
1069 799 1079 816 ‚
1095 773 1196 809 venit
1217 773 1323 809 Jesus
1336 774 1458 819 januis

73 829 228 865 clausis:
241 830 293 866 sic
309 831 475 877 oportuit
489 831 632 874 venire,
651 832 714 867 ubi
729 842 796 868 cor
809 832 1070 868 incredulitate
1085 832 1264 874 clausum,
1281 839 1360 868 erat
1372 833 1458 868 fidei

72 888 158 925 luce
170 889 429 925 reserandum.
441 889 525 926 Non
536 889 724 927 immerito
739 901 827 937 ergo
837 883 948 927 etiam
961 897 1116 927 octavus
1128 891 1204 927 dies
1216 893 1294 938 pari
1308 892 1458 938 vi,pene

75 947 155 996 pari
173 949 370 986 devotione
385 949 598 985 celebratur
610 977 619 992 ,
633 960 706 995 qua
719 951 778 986 ille
794 950 1002 987 celebratus
1017 957 1090 994 est,
1101 962 1121 985 a
1131 961 1205 995 quo
1219 958 1372 987 octavus
1382 952 1460 987 dies

73 1004 144 1044 iste
173 1008 408 1044 numeratur.
434 1004 478 1043 In
502 1006 563 1044 illo
589 1009 686 1044 enim
708 1010 940 1046 resurrectio
958 1013 1058 1054 acta,
1083 1007 1120 1043 in
1143 1008 1214 1045 hoc
1239 1008 1459 1046 confirmata

74 1067 144 1111 est,—
161 1070 234 1104 nee
251 1068 374 1103 minus
391 1066 486 1103 dura
511 1065 625 1114 atque
642 1067 841 1104 tenebrosa
858 1067 918 1104 hic
938 1063 1205 1104 incredulitatis
1218 1068 1349 1114 janua,
1374 1066 1460 1114 quia

71 1125 149 1163 illie
168 1124 302 1163 inferni
322 1130 432 1172 porta
452 1127 737 1174 praerumpitur.
756 1132 777 1165 (t
792 1121 905 1163 'Venit
922 1133 1034 1175 ergo,
1048 1126 1189 1174 inquit,
1209 1116 1230 1163 J
1235 1135 1317 1164 esus
1339 1128 1461 1175 januis

76 1190 98 1223 e·
120 1182 318 1234 clauSis(d)
336 1194 346 1230 ;
366 1196 387 1220 n
407 1187 462 1222 est
488 1186 591 1232 quod
610 1192 678 1222 nos
695 1193 846 1233 quoque
864 1195 952 1222 eum
977 1186 1119 1222 Thoma
1144 1186 1375 1233 dubitemus,
1393 1187 1460 1223 nisi

87 1245 174 1281 facti
200 1245 441 1291 respiciamus
467 1250 676 1282 auctorem.
699 1244 774 1281 Sed
798 1245 827 1281 si
851 1247 971 1282 Deum
990 1255 1068 1281 esse
1096 1244 1142 1280 de
1166 1250 1240 1291 quo
1264 1246 1459 1292 loquitur,

79 1303 301 1349 cogitemus,
318 1304 380 1340 cui
395 1303 483 1339 nihil
498 1304 659 1348 invium,
679 1304 739 1339 cui
754 1303 956 1340 humanum
972 1314 1121 1349 quoque
1142 1310 1274 1349 pectus
1289 1305 1461 1350 pervium

76 1363 317 1407 confitemur,
331 1363 392 1400 cui
407 1363 476 1399 hoc
488 1364 586 1399 idem
604 1373 740 1410 corpus
754 1374 828 1399 non
846 1364 963 1399 solum
975 1363 1094 1409 januis
1109 1365 1240 1400 clausis
1253 1372 1310 1400 ¹...
1325 1364 1369 1399 In
1386 1365 1460 1411 ipsa

75 1424 202 1460 statim
218 1424 435 1460 salutatione
452 1433 462 1460 z
481 1436 502 1460 «
523 1424 597 1459 Pax
613 1423 716 1460 vobis
733 1423 775 1471 (e)
792 1436 802 1470 ;
821 1435 842 1458 »
860 1423 956 1460 hanc
975 1434 1063 1469 ergo
1081 1424 1186 1460 nobis
1203 1434 1350 1469 semper
1369 1424 1459 1459 affe-

76 1483 157 1526 rat,
176 1481 275 1518 hane
290 1493 310 1518 a
327 1479 433 1519 nohis
450 1487 622 1530 reposcat
637 1496 644 1525 ;
662 1482 758 1519 hanc
778 1492 798 1518 a
812 1483 916 1519 nobis
939 1483 1124 1528 inveniat,
1142 1482 1237 1518 hanc
1260 1483 1460 1529 relinquat.

76 1540 220 1577 Deinde
249 1542 339 1578 dicit
363 1541 517 1578 Thomae
534 1550 544 1577 ε
563 1549 583 1578 (z
603 1541 704 1577 Infer
730 1542 887 1588 digitum
915 1546 1021 1577 tuu'm
1046 1542 1135 1585 huc,
1158 1544 1194 1577 el:
1220 1536 1304 1578 vide
1332 1552 1462 1577 manus

61 1600 98 1635 ὐ
123 1611 244 1646 meas,
260 1607 297 1637 et
313 1601 405 1637 affer
430 1612 582 1637 manum
601 1607 703 1637 tuam
724 1607 759 1638 et
778 1602 881 1637 mitte
903 1601 940 1636 in
962 1601 1056 1638 latus
1072 1612 1214 1645 meum,
1237 1607 1272 1637 et
1286 1601 1360 1637 noli
1384 1612 1461 1637 esse

77 1672 98 1697 n
125 1659 355 1705 incredulus,
369 1661 434 1697 sed
450 1661 567 1697 fidelis
585 1661 650 1710 (f).
667 1675 684 1696 n
705 1662 787 1697 Non
801 1667 856 1697 est
873 1671 997 1697 meum
1016 1672 1117 1698 meos
1134 1661 1327 1697 ludificare
1339 1661 1461 1707 phan-

78 1725 253 1766 tasmate3
274 1730 403 1756 vanam
422 1718 620 1765 imaginem
634 1721 733 1757 visus
756 1721 911 1762 timeat,
930 1720 1127 1756 veritatem
1148 1720 1317 1766 corporis
1334 1730 1464 1756 manus

78 1784 116 1815 et
143 1775 282 1826 digitus
307 1774 488 1826 exploret.
506 1779 634 1815 Potest
661 1780 816 1816 fortasse
841 1779 1038 1825 aliquando
1067 1779 1196 1815 oculos
1211 1780 1329 1826 caligo
1360 1780 1463 1815 deei-

77 1848 190 1885 pere,
215 1837 415 1876 veritatem
442 1840 612 1886 corporis
628 1849 759 1874 manus
784 1844 820 1874 et
838 1839 974 1883 digitus
1007 1839 1215 1884 explorent.
1241 1839 1371 1875 Potest
1389 1838 1463 1875 for-

80 1905 176 1936 tasse
207 1895 404 1946 aliquando
431 1899 558 1935 oculos
587 1899 706 1946 caligo
724 1899 921 1945 decipere3
943 1898 1102 1944 palpatio
1130 1899 1298 1944 corporis
1332 1909 1462 1934 verum

79 1968 217 2004 corpus
239 1963 429 2004 agnoscat.
449 1969 469 1993 «
505 1957 681 2003 Spiritus,
709 1957 853 2003 inquit,
881 1967 1032 1992 carnem
1062 1962 1099 1992 et
1126 1967 1205 1992 ossa
1231 1968 1306 1993 non
1329 1957 1463 2003 habet,

80 2028 102 2053 ι)
127 2017 223 2053 sicut
237 2027 296 2052 me
313 2016 447 2052 videtis
462 2016 674 2065 haberem).
703 2027 723 2052 2>
742 2017 855 2061 Quod
881 2017 971 2052 ostia
1000 2012 1124 2052 clausa
1140 2017 1371 2062 penetravit,
1387 2017 1463 2053 sola

82 2082 136 2113 est
149 2076 268 2112 virtus
287 2076 402 2113 divini
415 2076 589 2121 SpirituS,
607 2087 681 2111 non
695 2076 771 2112 sola
785 2075 942 2111 carnalis
956 2075 1158 2110 substantia
1168 2085 1178 2119 ;
1194 2075 1355 2120 alioquin
1374 2076 1464 2121 quid

80 2136 223 2183 profuit
255 2145 315 2172 me
347 2136 552 2182 suscepisse
586 2135 777 2172 hominem
797 2162 807 2177 ‚
845 2135 875 2170 si
901 2135 1020 2181 piguit
1045 2134 1259 2180 suscepisse.
1294 2134 1464 2180 Respon-

82 2196 237 2232 deamus
257 2204 346 2240 ergo
375 2201 412 2230 et
429 2205 518 2236 nos,
541 2200 577 2230 et
598 2193 782 2230 fateamur
801 2204 887 2229 cum
909 2193 1066 2235 Thema,
1089 2193 1127 2228 in
1147 2204 1220 2239 quo
1244 2193 1467 2228 miraculum

84 2254 218 2290 divinae
229 2254 377 2290 virtutis
385 2254 569 2299 exposuit:
586 2254 668 2289 «Tu
676 2253 856 2289 Dominus
866 2262 971 2287 meus
983 2259 1020 2288 et
1028 2252 1128 2287 Deus
1135 2262 1240 2287 meus
1252 2251 1314 2298 (h).
1324 2262 1344 2285 »
1354 2251 1469 2287 Nobis

84 2313 251 2349 enimille
269 2314 469 2356 dubitavit,
486 2312 592 2348 nobis
610 2313 829 2358 exploravit,
847 2312 952 2347 nobis
971 2311 1080 2346 inillo
1092 2311 1272 2346 Dominus
1288 2320 1419 2345 manus
1433 2315 1469 2345 et

83 2372 210 2409 lateris
224 2373 381 2408 vulnera
397 2372 666 2407 contrectanda
684 2370 865 2418 permisit.
885 2370 984 2419 Dicit
1004 2370 1036 2404 ei
1054 2370 1154 2405 Deus
1170 2379 1179 2404 z
1199 2383 1215 2401 «
1234 2369 1328 2413 Quia
1346 2368 1470 2404 vidisti

127 2466 174 2508 (a)
197 2469 291 2500 Joan.
321 2477 384 2509 xx,
406 2467 461 2500 26.
484 2483 526 2489 —-
544 2466 588 2508 (b)
613 2465 695 2498 Ibid.
723 2474 778 2498 20.
806 2482 848 2488 -
872 2463 914 2505 (c)
938 2463 1020 2497 Ibid.
1043 2463 1096 2496 25.
1117 2461 1330 2504 —(cl)1bid.
1353 2463 1408 2496 26.
1427 2478 1467 2485 —·

83 2522 218 2564 (e)1bid.
239 2522 464 2566 —(s)1bid.
480 2531 534 2565 27.
555 2538 598 2545 --
611 2521 656 2567 (g)
666 2523 742 2555 Luc.
760 2531 801 2554 xx
814 2546 823 2563 ,
840 2520 893 2564 39.
915 2537 956 2544 —-
976 2519 1022 2562 (lz)
1039 2522 1130 2553 Joan.
1149 2529 1191 2552 xx
1203 2544 1212 2562 ,
1233 2521 1286 2552 28.

131 2597 142 2614 ¹
159 2582 220 2624 'Hic
237 2582 355 2634 aliquid
371 2589 545 2624 desiderari
570 2588 711 2622 videtur.
