1803 3276
389 298 526 324 sunno
558 296 642 323 xri.
680 296 733 321 m:
763 295 1012 322 Ascmsmrffl
1044 294 1201 323 nomm
1236 299 1281 325 11.
1444 288 1527 326 2²29

144 362 358 407 censionis
372 361 575 417 ostendit,
588 369 733 405 tamen
747 361 876 404 etiam
892 359 1280 417 nos,Dilectissimi,
1294 362 1527 407 tacendum

144 433 269 478 nobis
290 449 378 477 non
393 432 670 487 arbitramur,
697 431 799 492 quia
821 447 998 493 :equum
1022 440 1085 475 est
1108 441 1158 476 ut
1181 434 1319 478 omnis
1337 433 1528 478 Ecclesia

144 504 274 550 hodie
303 504 469 549 exultet
492 504 538 548 in
563 504 701 560 terris,
732 519 865 565 quam
896 502 1027 548 hodic
1057 504 1270 549 Dominus
1298 504 1457 550 levavit
1484 506 1528 549 in

143 575 281 620 coelis.
312 578 429 636 Ergo
449 575 550 636 quia
570 575 616 619 in
640 575 796 620 divinis
823 574 1052 635 Scripturis
1076 574 1186 619 nihil
1211 584 1274 620 est
1292 578 1304 602 ¹
1327 591 1531 636 superva-

143 651 305 690 cuum²
322 683 333 703 ,
374 656 590 708 quantum
625 646 772 692 divino
794 661 976 691 munere
997 661 1252 708 possumus,
1279 645 1531 692 divinorum

142 717 379 762 verborum
401 717 613 763 rationem
634 717 874 763 videamus.

206 791 264 833 II.
308 789 578 850 ,Iampridem
622 790 738 834 enim
772 790 856 835 hoc
887 789 1009 852 quod
1037 789 1324 851 quadraginta
1358 790 1531 851 potissi-

142 876 264 905 mum
277 859 431 906 diebus
445 872 777 907 convescentem
793 863 1012 923 Scriptura
1024 863 1261 907 Dominum
1277 878 1378 907 cum
1394 866 1535 922 Apos-

142 931 240 977 tolis
262 932 383 989 dicit,
409 950 498 979 non
520 935 653 980 otiose
674 935 864 995 positum
887 935 1101 989 existimo,
1122 934 1181 978 ita
1203 943 1253 978 ut
1283 934 1387 978 mihi
1410 934 1533 995 quasi

141 1004 371 1050 retributio
383 1006 587 1066 quaedam
600 1007 645 1050 in
666 1007 750 1050 hoc
765 1006 1108 1066 quadragesimae
1131 1005 1405 1049 abstinentiae
1420 1004 1534 1050 sacta

142 1090 232 1119 esse
253 1074 495 1134 videatur33
520 1077 604 1132 ut⁴,
628 1077 897 1137 quicumque
909 1076 1197 1137 quadraginta
1219 1075 1391 1119 dierum
1407 1075 1535 1121 labo-

142 1161 233 1191 rem
266 1146 343 1190 Dei
379 1147 547 1191 honore
588 1146 867 1203 tolerassent,
899 1147 1189 1209 quadraginta
1225 1163 1344 1192 nunc
1381 1147 1539 1192 diebus

141 1217 263 1278 quasi
283 1217 470 1262 Domino
500 1218 572 1263 hic
602 1218 744 1278 posito
771 1226 814 1262 et
834 1228 1048 1279 praesente
1071 1219 1336 1278 gauderent,
1362 1227 1406 1262 et
1427 1233 1538 1279 quos

142 1287 272 1333 timor
286 1289 363 1333 Dei
377 1288 663 1345 humiliasset,
681 1289 752 1333 Dei
769 1305 888 1334 nunc
900 1288 1051 1334 solatia
1065 1289 1359 1335 sublevarent.
1376 1292 1537 1349 Magna

141 1360 259 1404 enim
270 1368 313 1404 et
327 1359 559 1405 ineffabilis
573 1376 752 1416 merces,
767 1360 843 1404 ubi
856 1361 913 1405 eis
929 1361 1006 1421 qui
1027 1360 1112 1405 tale
1127 1360 1293 1422 aliquid
1308 1370 1444 1420 agunt
1455 1376 1537 1420 pro

142 1431 305 1476 affectu
316 1448 411 1489 suo,
432 1433 630 1493 seipsum
648 1431 855 1477 Dominus
870 1433 1026 1477 tribuit
1036 1433 1081 1476 in
1103 1433 1298 1493 praemio.
1317 1431 1442 1477 Unde
1454 1447 1538 1476 aes-

141 1503 294 1548 timare
312 1520 363 1549 ex
375 1505 662 1565 prtesentibus
675 1503 824 1549 futura
842 1519 1087 1565 possumus,
1113 1504 1234 1565 quod
1256 1504 1299 1548 in
1319 1513 1537 1565 quantum

141 1575 237 1636 quis
259 1592 339 1637 pro
360 1577 527 1622 honore
549 1576 615 1622 sui
644 1575 796 1621 fecerit
811 1612 821 1632 ,
847 1576 893 1621 in
916 1585 1089 1621 tantum
1112 1576 1374 1637 praesentiae⁵
1403 1575 1538 1636 ipsius

141 1650 361 1694 consortio
384 1666 474 1696 non
502 1648 681 1695 carebit.

202 1722 283 1764 ΙΙΙ.
309 1720 477 1765 Deinde
517 1720 627 1765 illud
649 1720 777 1782 quale
803 1730 881 1775 est,
908 1720 1032 1781 quod
1051 1718 1314 1764 ascendisset
1336 1720 1380 1763 in
1402 1718 1538 1765 coelos

140 1791 363 1848 Dominus,
380 1791 668 1852 praesentibus
680 1790 830 1836 multis
842 1790 1202 1852 videntibusque,
1221 1790 1537 1849 cognoscimus3

140 1863 311 1923 utique,
337 1863 584 1908 utiliorum
606 1864 728 1920 visio,
755 1873 902 1908 nostra
925 1862 1032 1908 fides
1055 1872 1178 1907 esset.
1192 1862 1262 1907 Illi
1281 1863 1397 1907 enim
1413 1861 1540 1907 vide-

140 1944 318 1990 runt,ut
328 1951 406 1980 nos
420 1934 714 1993 crederemus,
728 1935 790 1979 illi
804 1943 1064 1995 aspexerunt
1073 1933 1208 1979 oculis
1221 1932 1536 1994 corporalibus,

140 2015 191 2050 ut
212 2022 291 2051 nos
324 2006 569 2050 animarum
593 2006 729 2051 oculis
759 2022 1049 2050 cerneremus.
1081 2009 1138 2050 Et
1173 2006 1272 2061 hoc,
1299 2021 1387 2050 non
1407 2005 1539 2065 pauci

142 2087 218 2122 aut
237 2077 344 2123 viles
365 2078 587 2133 homines,
614 2077 690 2122 sed
711 2088 755 2122 et
782 2078 932 2133 multi,
967 2087 1009 2122 et
1030 2077 1345 2138 probatissimi,
1371 2086 1420 2121 ut
1442 2078 1538 2121 haec

141 2149 441 2194 corroboraret
470 2165 620 2194 eorum
647 2148 873 2209 pluralitas
897 2150 1141 2194 testimonia
1156 2185 1166 2205 ,
1195 2159 1238 2193 et
1260 2149 1539 2194 confirmaret

141 2221 345 2265 sanctitas
366 2220 611 2265 veritatem.
633 2220 810 2264 Etenim
833 2220 866 2264 si
896 2220 942 2264 in
964 2220 1228 2281 quibusdam
1247 2220 1401 2275 causis,
1423 2219 1538 2264 duo-

141 2291 224 2336 bus
250 2301 326 2337 aut
347 2292 487 2337 tribus
511 2292 692 2337 testibus
711 2292 927 2348 creditur,
954 2301 1120 2353 quanto
1147 2292 1284 2352 magis
1306 2291 1537 2336 indubita-

190 2431 200 2448 ¹
217 2424 327 2457 Codex
342 2425 378 2457 in
395 2437 437 2457 ea
451 2432 510 2466 ut;
522 2436 592 2467 quae
609 2424 710 2457 verba
728 2425 894 2458 abundare
911 2425 1120 2460 videntur.--
1133 2431 1146 2448 ²
1161 2425 1269 2458 Codex
1285 2425 1361 2469 §vsa
1376 2425 1412 2456 1'11
1424 2437 1540 2470 quan-

144 2488 229 2522 tum5
247 2493 317 2524 quae
341 2481 459 2514 iterum
478 2482 658 2515 abundant.
679 2500 722 2505 -—
749 2481 761 2505 3
777 2483 855 2514 Vide
873 2486 973 2515 Sei-m.
994 2494 1108 2515 cetxm
1122 2508 1130 2524 ,
1150 2493 1181 2514 n.
1205 2481 1241 2524 Δις
1265 2486 1297 2514 et
1316 2484 1430 2520 Quaest.
1453 2493 1511 2513 nvn
1527 2506 1536 2523 ,

143 2547 174 2569 n.
198 2547 229 2569 2.
250 2539 296 2569 De
312 2538 564 2580 quadragenario
582 2549 714 2570 numero
736 2538 781 2570 uti
800 2544 1038 2571 sacramentum
1056 2537 1220 2569 laboriosae
1239 2538 1332 2579 hujus
1349 2538 1435 2574 vitm,
1462 2537 1536 2568 vido

144 2593 185 2625 de
201 2595 360 2625 Consensu
377 2594 569 2635 Evangelist.
591 2594 648 2626 lib.
670 2606 690 2625 n
705 2620 713 2636 ‚
730 2605 761 2626 n.
777 2606 812 2637 9.
841 2613 882 2618 -—
908 2593 920 2624 -ἰ
943 2595 1048 2627 Codex
1067 2594 1198 2640 utique,
1220 2594 1301 2626 male
1318 2619 1324 2634 ‚
1345 2600 1377 2624 ut
1395 2593 1533 2627 νηλείην.

147 2667 188 2672 -
213 2647 227 2671 ⁵
240 2650 345 2682 Codex
363 2651 444 2683 male
458 2653 692 2694 ρηεςεκιιῖιωι.
