1803 3276
252 316 391 343 samio
426 310 578 342 xxxvi.
615 312 657 339 m
693 311 841 339 manus
875 308 1151 339 PASCHALIBL'S
1188 313 1214 336 1.
1341 299 1423 338 *205

590 453 875 498 SYNOPSIS.

90 603 120 639 Ι.
152 603 265 640 Jonas
291 603 370 639 Deo
402 601 562 639 rebellis.
599 603 656 638 ΙΙ.
684 602 797 639 Jonas
825 603 861 638 in
890 612 994 638 mare
1023 602 1235 643 demersus,
1256 607 1291 637 et
1310 612 1328 635 a
1347 608 1429 637 ceto

43 663 254 708 absorptus.
276 662 351 697 111.
367 662 481 698 Jonas
498 662 535 697 in
553 662 658 696 littus
676 662 876 697 evomitus.
892 661 958 695 IV.
980 661 1092 696 ,ionas
1111 660 1246 695 Christi
1266 660 1428 695 morien-

44 721 90 756 tis
108 719 239 765 figura.
260 719 309 755 V.
337 719 513 766 Ejusdem
533 719 656 766 figura
683 721 832 767 sepulti.
866 720 933 755 Vl.
963 720 1123 755 Domum
1152 725 1188 754 et
1205 719 1433 764 resurgentis

0 815 13 835 μ
43 779 174 826 figura.

106 905 141 948 I.
164 905 370 949 DoMmUs
392 910 436 948 et
455 900 651 949 Salvator
668 913 829 959 noster,
850 901 1032 948 dilector
1053 901 1236 947 humani
1252 902 1433 961 generis,

47 974 197 1035 (qui)¹
233 994 254 1018 a
281 974 571 1035 Semetipsum
601 974 782 1019 tradidit
805 991 884 1034 pro
914 975 1040 1019 nobis
1071 976 1155 1032 (a),
1182 983 1225 1017 et
1249 974 1437 1017 animam

49 1063 71 1088 »
106 1061 229 1090 suam
257 1046 401 1106 posuit
428 1061 508 1105 pro
531 1045 685 1090 ovibus
708 1045 794 1089 suis
822 1043 902 1103 (b).
933 1062 952 1086 »
979 1044 1137 1088 Omnia
1166 1055 1309 1088 tamen
1337 1059 1436 1104 quae

47 1115 230 1178 pertulit
251 1131 275 1160 a
297 1118 320 1161 J
326 1115 475 1172 udaeis,
491 1116 583 1176 jam
600 1114 808 1176 praedicta
826 1114 1002 1159 fuerant
1028 1114 1167 1159 multa
1198 1131 1221 1158 a
1250 1115 1439 1160 Patriar-

48 1186 139 1233 chis
161 1185 334 1241 sanetis,
360 1184 416 1231 de
437 1185 598 1247 quibus
622 1202 761 1232 unum
778 1186 822 1230 in
844 1185 989 1230 medio
1012 1185 1305 1246 proferamus,
1331 1196 1382 1230 ut
1403 1185 1442 1229 ei

48 1257 272 1303 historiam
295 1258 502 1318 passionis
526 1257 755 1302 dominicae
777 1262 1118 1318 eonipa1·enms².
1146 1257 1349 1316 Legimus
1368 1260 1444 1301 Jo-

50 1344 150 1374 nam
174 1329 435 1389 prophetam
458 1328 636 1373 missum
659 1345 748 1373 esse
777 1346 799 1373 a
824 1332 915 1373 Deo
948 1329 992 1372 in
1015 1328 1235 1374 civitatem
1257 1328 1412 1373 Ninive
1428 1362 1439 1382 ,

51 1409 102 1445 ut
125 1401 217 1460 ejus
239 1409 348 1444 esset
371 1400 571 1444 interitus
596 1399 872 1459 prtedieator.
900 1400 983 1452 Qui
1005 1402 1029 1442 J
1034 1415 1136 1445 onas
1155 1399 1290 1443 sciens
1312 1399 1443 1442 mise—

52 1470 389 1515 ricordissimum
401 1473 557 1524 Deum,
573 1479 614 1514 et
630 1479 831 1529 paratum
846 1469 900 1513 ad
915 1469 1250 1529 indulgentiam,
1268 1486 1322 1513 ne
1338 1485 1447 1529 prae-

53 1541 212 1587 dicatio
235 1543 327 1602 ejus
349 1542 487 1585 inanis
516 1551 560 1585 et
590 1557 728 1586 vacua
755 1540 1002 1595 videretur,
1030 1540 1262 1585 declinavit
1292 1540 1347 1585 ad
1376 1541 1447 1584 su-

54 1628 167 1673 gam.
194 1616 299 1658 Haec
320 1612 454 1671 igitur
477 1612 624 1657 civitas
640 1611 905 1672 postmundi
927 1611 1209 1673 laeiein,quae
1233 1629 1256 1656 a
1275 1612 1451 1657 fluentis

56 1684 322 1745 diluviique³
358 1683 646 1729 inundatione
681 1684 1020 1742 dignoscebatur
1048 1699 1137 1727 esse
1164 1693 1449 1743 consumpta,

56 1755 193 1817 prima
206 1755 361 1801 Ninive
378 1755 525 1799 civitas
544 1771 567 1799 a
584 1755 713 1809 Nino,
730 1755 852 1814 eujus
871 1763 932 1798 est
956 1769 1118 1798 nomen
1140 1754 1305 1809 sortita,
1327 1770 1455 1799 cons-

58 1827 187 1872 tituta
223 1825 548 1885 dignoscituffl:
593 1827 716 1886 eujus
744 1842 844 1869 eum
869 1824 1021 1885 populi
1057 1825 1214 1870 delicta
1246 1826 1456 1872 Salvatori

59 1908 208 1944 nostro
226 1896 518 1942 intolerabilia
530 1896 802 1952 viderentur,
819 1899 942 1940 Jonee
956 1897 1157 1956 imperat,
1179 1906 1229 1940 ut
1253 1897 1342 1957 ejus
1360 1913 1455 1957 per-

61 1970 216 2016 ditioni
237 1969 660 2030 (praenuntianclse)5
687 1969 841 2024 abiret,
868 1968 988 2029 quod
1011 1985 1066 2013 ne
1094 1968 1277 2024 faceret,
1300 1986 1322 2013 a
1349 1969 1457 2015 facie

60 2043 234 2089 Domini
250 2041 437 2101 fugiens,
462 2041 562 2085 navi
579 2056 622 2085 se
645 2040 942 2100 fluctibusque
965 2041 1195 2096 commisit,
1222 2041 1390 2100 fugiens
1411 2042 1458 2086 in

64 2112 235 2159 Tharsis
263 2129 287 2157 a
320 2110 428 2156 facie
460 2111 635 2157 Domini
654 2111 745 2155 Dei.
777 2111 885 2156 Mira
905 2111 992 2156 res!
1031 2112 1284 2157 demutatur
1312 2113 1457 2168 loeus,

64 2185 188 2248 quasi
214 2184 260 2229 in
279 2183 451 2229 Tharsis
476 2199 567 2228 non
588 2192 680 2227 erat
704 2186 834 2228 Deus.
867 2186 1004 2239 Deus,
1030 2184 1101 2228 cui
1129 2184 1207 2229 soli
1231 2184 1341 2229 nihil
1363 2185 1463 2229 abs-

65 2272 248 2303 consum
268 2265 348 2312 est,
367 2255 571 2301 inflatum
588 2254 920 2315 tempestatibus
938 2255 1154 2315 gurgitem
1173 2257 1217 2299 in
1239 2257 1329 2317 ejus
1352 2256 1463 2317 peri-

67 2328 217 2375 culum
234 2326 484 2373 concitavit.
511 2329 625 2374 Cum
641 2325 872 2373 violentior
895 2326 1017 2371 lieret
1038 2327 1167 2371 maris
1186 2343 1209 2372 a
1230 2330 1320 2373 Deo
1343 2328 1462 2387 jussa

116 2437 359 2481 (a)Ep11es.⁴v‚
379 2445 411 2470 2.
428 2452 470 2459 --
494 2434 539 2477 (b)
557 2437 648 2468 Joan.
675 2445 720 2479 x,
746 2444 797 2468 11.
817 2451 821 2456 ›

117 2515 126 2532 ¹
138 2509 206 2551 Qui
219 2507 346 2540 videtur
361 2507 533 2539 abundare.
552 2523 594 2529 -—
610 2513 623 2528 2
637 2509 712 2538 Ilaec
730 2505 928 2548 comparatio
947 2505 1105 2548 reperitur
1119 2506 1204 2538 inter
1225 2517 1322 2549 opera
1341 2509 1372 2539 S.
1394 2509 1460 2539 Au-

72 2563 187 2608 gustini
206 2563 237 2596 in
256 2566 409 2597 Sermone
428 2564 468 2596 ad
485 2563 762 2604 Cateelitiiiien03‚
785 2573 816 2594 n.
832 2562 864 2593 6.
893 2578 935 2584 —-
965 2560 977 2583 3
995 2563 1101 2594 (lodex
1116 2563 1197 2595 male
1226 2562 1345 2595 diluvii·
1371 2576 1460 2608 quw.

74 2637 116 2644 —
141 2618 156 2650 4
175 2619 253 2653 Vide
271 2620 311 2653 de
328 2620 420 2652 Civit.
438 2620 494 2652 Dei
513 2619 569 2651 lib.
591 2629 665 2660 xvi,
687 2629 759 2661 cap.
785 2617 803 2650 3
820 2641 829 2659 ,
849 2628 880 2650 n.
902 2629 928 2649 1.
943 2634 984 2641 -·
999 2615 1013 2641 5
1028 2620 1095 2651 Vox
1112 2618 1161 2650 illa
1183 2618 1463 2662 praemzncz'amlae

76 2677 167 2711 abest*
180 2689 198 2711 a
211 2677 352 2719 Codiec3
372 2676 428 2711 sed
444 2686 537 2709 sensu
553 2675 735 2719 requiritur.
