1803 3276
245 194 321 233 1⁴1
676 204 708 230 s.
747 202 975 230 AUGLSTINI
1011 203 1191 231 Episcopi

239 273 348 316 tolo:
371 290 390 312 ι(
409 270 493 323 Qui
508 270 620 313 cruit
637 286 714 314 nos
733 269 788 314 de
801 279 1013 330 potestate
1029 271 1306 314 tenebrarum
1321 303 1331 322 ,
1350 277 1392 311 et
1406 266 1630 312 transtulit

240 363 257 382 n
291 342 332 386 in
349 356 531 400 regnum
555 341 786 401 majestatis
798 356 887 385 suae
901 345 979 395 (a).
996 359 1015 381 »
1036 341 1161 385 Unde
1175 339 1276 383 etin
1293 338 1376 384 alio
1391 337 1488 383 loco
1502 337 1626 382 dicit:

240 434 259 454 «
298 411 394 456 Filii
416 412 539 460 lucis,
556 411 713 471 inquit,
737 426 902 465 sumus,
918 419 961 454 ct
983 409 1060 455 filii
1083 410 1186 466 diei,
1204 425 1294 454 non
1309 423 1456 454 sumus
1474 407 1630 463 noctis,

241 503 260 523 υ
298 499 376 528 nec
396 483 674 527 tenebrarum
688 481 748 537 (b)
766 503 776 539 3
801 482 968 526 sicutin
982 480 1051 526 die
1068 482 1250 526 honeste
1264 479 1539 526 ambulemus
1557 485 1630 536 (c).

243 573 261 595 υ
301 554 597 599 Exultcmus»
624 568 751 612 crgo,
794 552 1071 609 Charissimi‚
1110 567 1260 597 omnes
1287 567 1388 596 cum
1412 550 1634 607 omnibus,

238 626 339 686 quia
361 646 381 667 «
399 626 477 669 Hic
490 634 554 670 est
571 624 661 668 dies
678 639 811 684 quem
833 621 936 668 fecit
952 625 1176 669 Dominus.
1193 642 1213 665 »
1237 622 1355 677 Quid
1369 614 1550 682 profuit,
1567 622 1637 666 in-

239 697 351 757 quit,
376 697 470 750 tibi,
502 698 708 755 Serpens,
739 695 944 755 iniquitas
961 698 1062 740 tua?
1083 705 1158 740 aut
1175 693 1284 756 quid
1305 694 1442 740 valuit
1463 694 1518 739 de
1535 709 1640 738 eru-

242 768 420 813 delitate
465 776 538 811 tua
570 767 814 826 persecutio
845 770 950 811 tua?
982 771 1094 812 Ecce
1127 767 1312 812 surrexit
1340 766 1395 811 dc
1437 765 1639 827 sepulcro

240 855 373 900 quem
398 854 490 895 vos,
517 841 539 882 J
547 838 676 894 udsci,
702 839 935 884 confixistis
956 840 1001 882 in
1024 838 1158 897 ligno.
1189 838 1331 884 Hodie
1350 839 1465 883 visus
1484 847 1549 883 est
1572 837 1640 883 vi-

241 928 336 962 vus,
365 911 438 971 qui
464 909 702 970 putabatur
724 910 905 956 occisus.
937 911 1062 955 Muni
1082 909 1330 970 diligenter,
1355 909 1508 954 Judaee
1538 924 1641 953 cru-

244 981 378 1037 delis,
418 980 695 1041 sepulcrunr,
727 982 864 1042 adjice
898 981 1116 1027 custodias
1150 981 1363 1037 militum,
1396 980 1451 1025 ad
1478 979 1642 1039 vigilias

244 1063 559 1098 nocturnorum
581 1062 862 1109 secretorum,
887 1062 938 1098 ut
959 1042 1118 1113 probes
1140 1063 1384 1109 mortuum,
1405 1067 1537 1113 quem
1560 1067 1643 1096 no-

243 1124 361 1168 luisti
391 1140 652 1184 cognoscere
685 1125 850 1169 vivum.
885 1125 1048 1169 Dedisti
1086 1123 1214 1169 Judae
1243 1122 1457 1184 discipulo
1479 1122 1645 1181 argenti

245 1195 464 1255 pretium,
499 1205 550 1240 ut
597 1195 789 1240 occisum
824 1196 1048 1240 Christum
1082 1206 1266 1255 poneret
1295 1197 1341 1240 in
1370 1194 1644 1254 sepulcrum3

246 1265 299 1311 da
326 1266 602 1311 tantumdem
630 1266 885 1312 custodibus
907 1278 1152 1326 argentum,
1183 1278 1233 1312 ut
1263 1267 1423 1313 falsum
1445 1265 1595 1311 audias
1623 1282 1647 1310 a

247 1336 475 1398 Discipulis
498 1336 708 1382 furatum.
732 1341 934 1396 Erogate,
953 1348 1143 1398 erogate,
1171 1337 1330 1394 sudaei,
1357 1347 1586 1397 argentum
1601 1336 1650 1381 in

247 1407 416 1453 facinus
438 1418 657 1467 vestrum3
683 1408 729 1452 in
749 1425 912 1454 vanum
941 1408 1155 1454 duntaxat
1180 1409 1369 1469 vigilatis
1406 1409 1464 1455 ad
1499 1407 1649 1469 sepul-

247 1495 371 1525 crum
406 1490 620 1525 nostrum.
655 1482 753 1525 Jam
787 1481 993 1537 surrexit,
1017 1482 1104 1542 jam
1133 1481 1267 1527 coelos
1305 1480 1528 1537 ascendit,
1555 1481 1650 1541 jam

250 1550 514 1609 glorificatus
536 1560 716 1611 propter
738 1567 833 1607 nos,
860 1552 937 1613 qui
957 1569 1000 1596 sc
1024 1553 1330 1598 humiliaverat
1352 1562 1530 1614 propter
1553 1567 1647 1596 nos.

249 1623 368 1677 Quid
390 1623 488 1668 estis
507 1625 671 1679 acturi,
704 1623 807 1668 sacti
828 1640 880 1668 ex
906 1625 1052 1670 amicis
1075 1626 1274 1670 acerrimi
1291 1625 1483 1670 inimici?
1509 1628 1653 1678 Quem

250 1695 368 1739 enim
385 1694 477 1740 zelo
501 1695 649 1740 fixistis
672 1695 718 1739 in
739 1695 861 1756 ligno
876 1732 886 1752 ‚
918 1697 1010 1757 ipse
1034 1696 1158 1742 sedet
1185 1698 1241 1743 ad
1269 1698 1494 1743 dexteram
1517 1696 1653 1742 Patris

251 1766 295 1810 in
314 1765 425 1811 coelo
444 1788 454 1824 3
474 1767 563 1826 ipse
581 1775 645 1812 cst
665 1767 742 1826 qui
768 1786 787 1808 «
811 1768 941 1812 Venit
963 1769 1009 1813 in
1031 1769 1209 1813 nomine
1228 1770 1403 1815 Domini
1418 1766 1504 1828 (d).
1535 1787 1555 1810 »

315 1841 364 1881 V.
390 1857 408 1880 «
427 1842 542 1882 Deus
557 1838 766 1882 Dominus
784 1848 828 1883 et
845 1838 992 1885 illuxit
1013 1842 1223 1900 iiobis(e)3
1241 1860 1262 1884 »
1289 1841 1585 1895 nobisilluxit,
1611 1851 1656 1886 et

253 1925 327 1954 xos
352 1928 372 1951 «
402 1909 493 1954 Sub
517 1908 703 1969 pedibus
719 1911 877 1955 nostris
896 1912 1082 1972 subjecit
1098 1913 1191 1978 (f).
1222 1932 1241 1956 »
1269 1913 1371 1959 Plus
1389 1914 1506 1958 enim
1528 1913 1655 1958 nobis

253 1980 505 2040 complevit,
522 1996 655 2042 quam
670 1997 748 2026 suo
763 1981 875 2027 Filio
890 1982 1103 2043 promisit.
1131 1984 1248 2038 Quid
1270 1986 1386 2029 enim
1399 1985 1523 2029 nobis
1535 2000 1656 2030 com-

254 2051 415 2112 plevit,
457 2061 501 2095 ct
522 2051 631 2111 quid
659 2051 769 2096 Filio
790 2053 1016 2113 promisit?
1049 2055 1246 2101 Psalmus
1274 2056 1404 2101 (licit¹
1428 2074 1436 2100 :
1467 2076 1486 2098 «
1509 2056 1624 2101 Dixit
1641 2091 1653 2111 ,

259 2142 278 2163 »
314 2123 480 2183 inquit,
502 2122 714 2168 Dominus
727 2125 909 2170 Domino
926 2140 1024 2171 meo
1053 2146 1062 2171 ε
1087 2126 1408 2173 Sedeadcxtris
1424 2128 1546 2184 meis,
1573 2127 1656 2172 do-

259 2211 280 2234 »
316 2209 396 2238 nec
412 2208 572 2253 ponam
587 2193 786 2239 inimicos
809 2204 906 2241 tuos
921 2196 1157 2242 scabellum
1172 2198 1336 2259 pedum
1352 2208 1529 2244 tuorum
1543 2202 1597 2260 (g
1615 2217 1654 2242 .»

259 2267 372 2309 Ecce
392 2265 509 2308 enim
529 2264 728 2310 Christus
751 2265 806 2310 ad
828 2266 1052 2312 dexteram
1071 2270 1207 2314 Patris
1227 2271 1348 2315 sedet
1370 2270 1415 2314 in
1437 2268 1558 2314 coelis
1573 2305 1583 2324 ,
1620 2279 1664 2314 et

262 2337 337 2380 hos
359 2339 381 2380 J
388 2335 536 2381 udzeos
558 2338 714 2383 nostris
737 2337 921 2398 pedibus
944 2340 1129 2402 subjecit
1150 2342 1195 2387 in
1214 2342 1352 2387 terris.
1379 2344 1483 2398 Cur,
1509 2340 1663 2386 Judaee

308 2443 349 2483 μ’,
371 2444 491 2476 Coloss.
520 2456 548 2486 1,
573 2446 621 2477 153.
646 2464 686 2469 —
714 2447 753 2486 (h)
776 2448 883 2481 Thess.
907 2460 939 2488 v,
957 2449 987 2481 5.
1009 2466 1050 2472 -
1076 2449 1118 2490 (c)
1141 2453 1230 2484 Rom.
1249 2459 1316 2491 xm,
1341 2451 1390 2483 13.
1420 2466 1461 2474 -·-
1485 2448 1659 2491 (1l3n111ttl1.

262 2511 424 2542 unq—
454 2501 491 2542 ''J-'j
513 2502 595 2534 psal.
618 2515 714 2545 «xvii,
731 2514 784 2547 27.
805 2524 846 2528 —
873 2508 941 2547 rs}
962 2506 1042 2540 Ihid.
1066 2518 1097 2549 ς.
1115 2526 1155 2531 -—-
1181 2508 1224 2552 (g)
1249 2508 1296 2540 hl.
1312 2519 1356 2540 cix
1371 2534 1378 2546 ,
1407 2519 1417 2539 1
1433 2533 1440 2542 .

308 2569 607 2612 ¹x'i=.l‹:ljx·1·l.·=1.i==
631 2573 709 2604 l'sal.
730 2584 798 2615 cix,
822 2587 851 2606 n.
875 2586 905 2616 7.
