1803 3276
359 267 497 293 51111110
529 268 682 294 vaui.
719 267 772 293 DE
807 266 932 293 fALso
967 268 1110 295 muco.
1342 263 1424 301 337

105 335 187 377 111.
212 335 321 378 Nam
343 341 386 377 et
408 331 559 387 Judas,
584 340 798 375 mercator
820 331 928 376 sacri
953 333 1160 389 vulneris,
1194 338 1430 383 Dominum

46 405 197 447 Jesum
238 403 345 447 dum
380 401 541 446 salutat
580 401 798 457 vendidit,
838 401 946 446 dum
979 404 1199 449 osculatur
1232 408 1427 453 tradidit.

45 471 188 517 Malus
216 472 334 516 enim
371 471 556 516 traditor
586 471 837 532 hujusmodi
877 471 1059 517 dederat
1088 474 1260 535 signum
1288 498 1298 535 3
1325 477 1432 522 dixit

48 544 192 589 enim:
226 563 247 587 «
271 545 605 604 Quemcumque
637 543 854 588 osculatus
891 544 1038 600 fuero,
1060 546 1150 607 ipse
1183 558 1269 604 est,
1289 558 1435 594 tenete

55 636 72 656 »
109 630 210 659 eum
228 617 319 674 (a),
346 632 367 656 >›
395 623 439 659 et
461 614 564 659 hinc
585 614 687 659 licet
709 614 964 660 immortalis
985 616 1156 675 vincet,
1182 628 1226 664 et
1246 621 1384 666 victor
1414 638 1439 666 a

50 685 234 730 mortuis
246 685 493 740 resurrexit,
508 694 655 730 tamen
667 685 856 731 malitia¹
878 686 1097 733 traditoris
1114 689 1295 747 malum,
1316 693 1438 753 quod

50 765 324 817 conceperat,
350 756 535 818 peperit,
560 757 663 818 quia
685 768 949 819 conceptum
970 760 1157 805 verbum
1178 778 1439 810 evanescen-

54 829 188 874 tium‘2
207 827 400 889 gladium
422 827 557 874 latere
578 845 667 875 non
689 840 875 891 poterat.
899 831 968 876 Ad
991 841 1157 878 tantam
1174 835 1292 880 enim
1309 837 1443 882 scele-

53 900 110 946 ris
147 900 495 961 persecutionem
529 900 703 946 nullum
730 901 1093 962 impedimentum
1127 905 1306 962 habuit,
1340 909 1444 968 quia

54 980 224 1032 patrem
245 987 374 1016 suum
395 970 623 1016 diabolum
645 973 803 1017 habuit
824 971 1083 1034 adjutorem.
1109 978 1222 1021 Ecce
1243 978 1355 1022 inter
1380 980 1444 1024 ci-

55 1043 152 1099 bos,
175 1052 219 1088 et
234 1052 366 1104 potus
388 1043 638 1103 propinavit
664 1044 873 1103 Magistro
895 1043 1190 1102 latrocinium,
1217 1057 1260 1092 et
1281 1048 1447 1095 ferrum

37 1130 136 1176 vpro
152 1130 266 1175 pane
288 1113 541 1168 ruminavit,
558 1123 602 1158 et
620 1114 817 1159 buccella
841 1115 1076 1160 verborum
1103 1132 1261 1176 panem
1285 1120 1447 1166 intinc-

58 1195 153 1231 tum
175 1185 363 1245 accepit,
389 1193 432 1229 et
454 1183 630 1229 Domini
654 1184 935 1229 traditionem
958 1187 1219 1246 propinavit.
1252 1191 1450 1238 Christus

59 1258 202 1302 bonus
229 1257 400 1301 bonum
421 1254 566 1311 dedit,
587 1255 664 1300 sed
685 1256 820 1300 Judas
844 1256 982 1301 malus
1007 1257 1175 1302 bonum
1198 1260 1310 1305 male
1328 1279 1453 1308 acce-

60 1329 149 1389 pit3
171 1327 388 1389 judicium
415 1326 496 1371 sibi
520 1327 762 1387 acquisivit,
780 1327 882 1388 quia
916 1328 960 1371 in
983 1329 1261 1375 traditionem
1276 1335 1452 1380 Domini

63 1410 107 1445 ct
138 1399 333 1459 Magistri
362 1398 635 1459 properavi&
664 1398 867 1457 magister
895 1399 1184 1457 crudelitatiS,
1205 1412 1247 1447 et
1281 1405 1454 1451 domes-

64 1471 176 1516 ticus
199 1470 327 1515 latro.
351 1469 476 1515 Solus
492 1470 577 1514 hoc
596 1470 806 1514 Dominus
821 1470 998 1529 agnovit
1013 1487 1146 1531 quem
1164 1473 1345 1520 tradidit
1362 1497 1372 1534 3
1399 1478 1456 1522 ad.

61 1558 195 1603 quem
243 1541 302 1587 sic
347 1541 407 1586 ait
449 1541 660 1586 Dominus
684 1542 905 1587 Christus:
951 1562 970 1585 «
1012 1544 1080 1587 Ad
1124 1545 1231 1605 quid
1270 1549 1453 1605 venisti,

65 1632 85 1655 »
120 1613 270 1659 Amice
280 1611 376 1670 (b)?
399 1630 419 1653 »
440 1612 566 1656 Istud
587 1621 649 1656 est
671 1612 792 1673 quod
810 1613 1003 1672 gravavit
1025 1613 1122 1673 plus
1141 1616 1301 1662 Judam
1325 1621 1457 1665 tradi-

63 1695 219 1730 torem.
247 1687 300 1728 In
322 1683 396 1728 illa
425 1683 613 1728 amicitia
640 1692 810 1727 tantum
838 1683 941 1728 mali
963 1695 1164 1744 operatus
1187 1697 1265 1743 est,
1293 1699 1342 1734 ut
1364 1694 1456 1736 Do-

63 1757 256 1812 minum,
289 1764 332 1800 et
361 1755 618 1814 Magistrum
661 1755 865 1799 traderet.
901 1755 1019 1808 Quid
1052 1756 1168 1801 enim
1201 1757 1458 1807 nefandius⁴

66 1827 221 1889 aliquis
239 1827 430 1887 cogitare
448 1826 614 1887 possit?
634 1826 917 1871 Considerate
939 1826 973 1870 si
987 1837 1206 1887 quantum
1229 1828 1357 1876 dulce
1375 1849 1460 1879 no-

62 1915 165 1944 men
186 1898 330 1955 amici,
347 1907 436 1944 tam
462 1897 646 1958 gravitas
664 1906 708 1941 et
731 1896 942 1941 acerbitas
971 1897 1195 1943 homicidii
1224 1912 1454 1960 penetrare

65 1969 225 2032 potuit.
251 1972 314 2014 De
331 1968 492 2013 talibus
513 1967 631 2013 enim
646 1966 754 2011 dicit
774 1966 1005 2012 Salomon:
1024 1969 1237 2015 «Amicus
1260 1973 1336 2032 qui
1350 1990 1459 2020 con-

71 2061 93 2085 »
126 2041 313 2088 vertitur
346 2040 403 2086 ad
434 2039 710 2092 inimicitiam
721 2041 796 2097 (c).
832 2057 853 2080 »
885 2038 1021 2084 Judas
1058 2041 1241 2088 conviva
1274 2047 1463 2093 crudelis

69 2110 315 2159 buccellam
337 2110 528 2172 glutivit,
548 2119 592 2155 et
609 2109 802 2169 gladium
818 2110 1033 2167 evomuit,
1054 2111 1167 2157 sicut
1188 2113 1233 2158 in
1261 2116 1431 2163 Psalmo
1449 2138 1458 2165 :

76 2205 98 2229 «
131 2184 309 2230 Etenim
330 2184 464 2229 homo
485 2181 619 2243 pacis,
645 2181 691 2225 in
718 2195 809 2242 quo
829 2181 1020 2242 speravi,
1045 2183 1122 2243 qui
1147 2184 1306 2231 edebat
1327 2204 1462 2248 panes

75 2275 96 2299 n
131 2272 267 2313 meos,
293 2253 515 2316 ampliavit
543 2252 772 2299 adversum
804 2267 874 2297 me
904 2252 1305 2314 supplantationem
1318 2258 1401 2318 (d).
1435 2280 1457 2303 »

116 2387 162 2430 (a)
177 2385 289 2421 matth.
307 2396 401 2428 xxvi,
421 2383 475 2428 48.
496 2383 589 2427 --<b)
607 2383 653 2417 Id.
673 2393 768 2426 xxvi,
790 2383 844 2417 50.
860 2399 902 2407 —·
916 2383 959 2425 (c)
979 2383 1079 2418 Eceli.
1116 2396 1170 2429 vi,
1197 2387 1228 2421 8.
1247 2406 1289 2412 ·—
1306 2390 1353 2432 (d)
1376 2392 1457 2427 I’sal.

77 2456 126 2489 xi,
145 2453 196 2478 ιο.

123 2530 134 2548 ¹
155 2521 232 2555 Cod.
248 2520 329 2556 male
342 2520 562 2554 mortalis.-
577 2526 590 2542 ²
603 2519 654 2552 Sic
672 2518 792 2552 Codex.
809 2520 904 2551 Forte
920 2520 1113 2562 evomentis,
1127 2524 1162 2552 ut
1175 2521 1272 2555 infra:
1290 2524 1464 2559 Bucellam

78 2580 223 2627 glutivit,
243 2586 275 2611 ct
293 2575 442 2623 gladium
456 2577 608 2608 evomuit.
630 2592 670 2598 —-
692 2573 705 2597 3
724 2575 799 2608 Cod.
821 2573 902 2607 male
918 2575 1071 2617 jungite'n
1091 2587 1161 2609 cum
1178 2583 1388 2624 propes-(0217,
1401 2583 1466 2614 ''m-

78 2634 288 2681 properavi't.
307 2650 349 2656 ·—-
366 2631 382 2663 4
399 2632 477 2665 Cod.
497 2630 578 2664 male
595 2630 751 2663 ηιῐναειιε.

323 2696 464 2728 cxxx.
1234 2687 1288 2726 22
