1803 3276
324 277 406 314 ⁸208
768 283 800 308 s.
839 282 1068 309 murs-rim
1103 280 1284 308 muscom

322 356 401 397 Per
425 366 541 395 mare
563 363 666 394 vero
689 348 1001 407 intempestivis
1020 347 1226 392 fluctibus
1249 345 1502 400 excitatum,
1529 344 1708 391 Judaeo-

318 438 415 466 rum
453 420 666 481 populum
691 420 1003 474 insanientem,
1036 428 1074 462 et
1103 417 1393 463 turbulentisl
1416 417 1597 462 vocibus
1626 432 1708 460 sce-

317 495 507 537 vientem
530 490 844 549 cognoscimus.
867 489 1006 533 Bestia
1032 504 1134 533 vero
1158 489 1323 532 marina
1342 523 1352 543 ,
1378 488 1462 532 hoc
1484 497 1548 532 est
1564 496 1707 542 cetus,

320 564 514 609 iuli-runs
547 562 818 618 intelligitur.
857 563 960 606 nme
987 571 1133 606 autem
1171 560 1340 616 omnia,
1379 577 1478 621 quae
1512 559 1566 604 de
1601 561 1712 604 Jona

319 637 526 698 przetlieta
542 644 659 688 sunt,
680 635 724 677 in
737 633 910 678 Christo
929 632 1342 692 manifesteimpleta
1355 630 1714 686 videntur.Quod

321 718 466 752 autem
504 707 546 749 in
585 720 711 765 capsa
752 705 872 748 navis
903 707 1060 749 Jonam
1092 703 1257 748 dictum
1291 712 1354 748 est
1392 701 1710 758 dormientem,

320 779 541 824 Christum
557 776 598 820 in
620 775 765 819 medio
783 791 933 819 eorum
959 774 1215 833 significavit
1230 773 1455 818 humiliter
1479 782 1710 819 tacentem.

320 849 401 894 Cui
421 848 586 893 dietum
609 857 671 891 est
690 847 800 891 sicut
823 855 865 891 et
883 845 937 890 ad
960 849 1117 890 ,Ionam
1149 865 1158 891 ε
1189 865 1209 888 «
1233 848 1409 905 Exurge
1425 880 1436 901 ,
1468 861 1603 906 quare
1632 843 1715 889 ob-

325 939 343 962 »
379 920 564 973 dormis,
592 919 800 973 Domine,
835 933 1016 976 exurge,
1045 927 1089 962 et
1118 932 1173 961 ne
1195 916 1377 977 repellas
1411 932 1488 961 nos
1515 915 1716 977 usquein

323 1011 343 1034 »
380 993 510 1036 finem
535 993 618 1049 (a).
642 1009 662 1031 »
687 991 913 1035 Dormiens
934 990 1050 1034 enim
1071 989 1232 1034 dieitur
1255 988 1466 1033 Dominus
1484 1022 1495 1043 ,
1518 987 1625 1032 dum
1647 996 1716 1032 ta-

321 1079 417 1109 cere
438 1063 612 1107 videtur
628 1077 757 1122 super
773 1061 1049 1121 iniquitatem
1068 1062 1296 1106 hominum
1313 1096 1323 1116 ,
1345 1069 1578 1121 expectans
1602 1074 1719 1104 eom-

321 1135 605 1196 punetionem
638 1133 977 1193 poenitentium:
1013 1131 1089 1177 sed
1114 1132 1219 1177 dum
1251 1131 1444 1190 exurgit,
1478 1139 1528 1176 ut
1551 1139 1714 1191 potest,

322 1205 518 1249 inimicos
552 1219 651 1248 suos
679 1203 809 1246 simul
841 1203 1060 1247 interficit.
1097 1201 1228 1255 Quod
1256 1211 1403 1246 autem
1430 1212 1564 1247 sortes
1591 1202 1720 1247 misc-

322 1286 449 1331 runt,
466 1277 534 1337 cuj
543 1292 590 1320 us
612 1291 739 1320 eausa
758 1275 877 1319 navis
894 1274 1231 1334 periclitaretur,
1255 1282 1300 1318 et
1318 1273 1476 1318 cecidit
1487 1290 1576 1319 sors
1590 1289 1720 1334 super

322 1351 476 1394 Jonam
497 1383 505 1395 ,
540 1356 581 1390 et
609 1346 822 1390 miseruut
853 1361 954 1389 eum
976 1345 1021 1388 in
1044 1360 1185 1400 mare,
1209 1353 1252 1389 et
1275 1342 1422 1389 sedata
1444 1354 1508 1389 est
1529 1354 1720 1405 tempes-

323 1429 386 1464 tas
401 1455 411 1475 ,
435 1417 651 1479 numquid
671 1417 778 1461 alius
796 1433 929 1477 quam
947 1417 1144 1462 Christus
1162 1425 1252 1461 erat
1265 1452 1275 1472 ,
1302 1418 1426 1478 eujus
1443 1427 1583 1462 morte
1595 1433 1722 1462 mun-

324 1489 405 1535 dus
428 1491 568 1534 omnis
598 1489 928 1549 tempestatibus
950 1487 1114 1533 diaboli
1140 1487 1423 1545 liberaretur,
1455 1488 1501 1533 in
1533 1504 1621 1550 quo
1643 1504 1723 1549 pa-

322 1571 445 1605 terna
475 1560 673 1604 delinitio
690 1561 779 1619 jam
803 1576 826 1603 a
844 1560 1062 1619 principio
1085 1559 1264 1614 mundi,
1291 1561 1413 1621 quasi
1431 1569 1546 1605 sorte
1562 1560 1688 1605 missa
1708 1595 1718 1615 ,

323 1632 461 1677 suerat
498 1631 724 1675 terminata
741 1666 751 1686 ,
776 1646 866 1674 non
889 1630 1012 1673 aliter
1034 1646 1158 1690 posse
1181 1629 1392 1674 saeculum
1414 1630 1612 1686 liberari,
1640 1629 1724 1674 nisi

323 1703 536 1761 unigeniti
564 1701 663 1746 Filii
684 1702 880 1762 passione
908 1702 1168 1762 permisisset
1191 1702 1378 1762 impleri.
1406 1705 1548 1756 Quem
1572 1702 1724 1748 Domi-

325 1790 434 1819 num
473 1774 696 1819 Christum
737 1774 859 1834 quasi
903 1776 925 1817 J
931 1789 1060 1818 onam
1092 1774 1390 1834 projicientem
1422 1774 1467 1818 in
1508 1790 1627 1819 mare
1643 1810 1654 1830 ,
1700 1790 1725 1819 a

326 1845 598 1907 principibus
641 1847 663 1889 J
670 1844 898 1889 udaeorum
947 1844 1101 1905 populi
1153 1845 1432 1890 saeviomibus
1472 1845 1685 1890 traditum
1710 1881 1722 1904 ‚

327 1925 613 1977 susceperunt
631 1915 820 1960 Romani
835 1920 851 1941 ‘²
876 1915 1246 1974 crucifigendum,
1283 1916 1329 1959 in
1350 1932 1439 1976 quo
1459 1915 1566 1960 dum
1588 1917 1725 1977 profi-

327 1999 558 2046 cerentur,
585 1989 734 2034 sedata
749 1997 813 2034 est
844 1998 887 2034 et
904 1987 1070 2049 quievit
1097 1996 1330 2048 tempestas
1347 1988 1522 2034 saevitiae
1542 1991 1567 2034 J
1572 1988 1724 2036 udaeo-

329 2077 442 2106 rum.

388 2135 441 2177 V.
478 2135 681 2178 Jamvero
713 2141 886 2194 peraeta
915 2133 1116 2179 universa
1149 2133 1355 2192 mysteria
1388 2134 1629 2195 passionis,
1660 2149 1728 2181 se-

330 2208 556 2266 pulturam
579 2205 667 2250 veri
691 2205 878 2250 hominis
905 2205 1092 2261 Christi,
1117 2215 1371 2266 peragentes
1393 2222 1723 2266 cognoscamus.

327 2280 437 2323 Nam
454 2286 573 2322 cetus
595 2275 668 2320 ille
683 2311 694 2332 ,
719 2276 796 2337 qui
817 2278 975 2321 Jonam
994 2276 1230 2337 suscipiens
1255 2276 1400 2322 triduo
1421 2277 1571 2323 vivum
1595 2277 1643 2323 in
1663 2277 1728 2323 al-

328 2365 408 2393 veo
442 2349 507 2393 sui
544 2349 705 2393 ventris
742 2348 929 2394 servavit
957 2347 1170 2404 illaesum,
1206 2347 1464 2407 significavit
1495 2349 1727 2395 Dominum

328 2421 549 2465 Christum
562 2419 1061 2467 descondentcmvivum
1080 2421 1125 2464 in
1148 2418 1387 2465 infernum.
1410 2421 1478 2466 Sic
1501 2421 1618 2465 enim
1636 2421 1728 2482 ipse

331 2493 541 2536 Dominus
561 2493 603 2535 in
630 2492 870 2551 Exangelio
894 2491 1000 2537 (licit
1025 2513 1034 2538 2
1073 2513 1093 2534 (t
1119 2492 1238 2538 Sicut
1261 2490 1343 2537 suit
1361 2493 1493 2538 Jonas
1509 2493 1556 2539 in
1574 2501 1727 2538 ventre

379 2590 425 2630 (a)
450 2589 525 2621 l‘snl.
549 2601 639 2631 mn,
667 2590 720 2621 2⁶».

380 2665 387 2680 ¹
405 2658 511 2692 ‹Jmlex
532 2659 733 2691 (ribah-mse.
754 2675 794 2682 -
822 2666 834 2676 “
848 2660 892 2692 Μ.
915 2660 978 2693 ιζιιι]
997 2670 1088 2693 εῡπςυ
1105 2671 1200 2701 cnm,-
1220 2659 1305 2695 forle
1324 2672 1379 2705 pro
1397 2660 1491 2695 Rom.
