1803 3276
425 222 480 261 92
852 240 886 268 s.
921 236 1152 272 AUGUSTINI
1185 242 1367 275 Errscom

422 313 519 344 mus
542 301 672 346 Isa‘1'as
698 302 743 349 in
773 302 929 351 diebus
963 307 1153 368 antiquis
1180 311 1317 356 sancti
1344 312 1529 373 Spiritus
1555 322 1734 369 auctorit
1780 323 1797 355 1³5

421 370 639 430 prsedicit:
667 394 686 417 «
702 376 830 432 Ecce,
852 377 1010 440 inquit,
1032 381 1165 440 Virgo
1188 382 1232 427 in
1253 393 1378 430 utero
1400 387 1583 448 accipiet
1607 401 1650 437 et
1673 408 1735 454 pai
1773 396 1803 430 [Ν

423 460 442 482 »
479 442 715 504 filium(a).
741 449 906 501 »Quod
925 448 1102 496 l'oemina
1125 455 1329 513 parturit,
1354 471 1470 501 verce
1495 462 1735 512 Incarnatio
1765 463 1803 498 m*

417 521 479 556 est
518 512 623 558 sides
644 535 654 573 3
679 517 801 577 quod
828 518 951 578 virgo
980 522 1117 581 parit,
1144 533 1308 570 aeterna
1342 530 1556 575 nascentis
1569 541 1632 578 est
1654 533 1736 592 glot
1766 538 1803 588 ,Sil

417 584 616 628 Nascitur
636 586 691 631 ab
709 587 872 634 intacta
897 589 1079 637 foemina
1106 594 1305 640 Christus
1322 631 1334 652 ,
1355 599 1456 659 quia
1481 600 1545 646 fas
1568 617 1658 649 non
1687 621 1737 651 er·
1799 608 1803 638 ἕ

415 662 465 698 ut
506 655 642 700 virtus
684 672 762 717 per
793 659 1095 722 voluptatem,
1133 665 1304 712 castitas
1332 683 1411 729 per
1452 669 1693 732 luxuriam,
1726 692 1738 740 ]
1776 679 1803 714 Η

411 728 739 786 corruptionem
773 730 1041 794 incorruptio
1072 747 1336 785 nasceretur.
1363 743 1451 787 Nec
1483 754 1654 803 poterat
1689 762 1739 795 nc
1777 741 1803 780 '¹

411 794 564 840 ordine
580 797 814 845 adventare
832 802 887 847 (le
909 804 1040 861 coelo,
1067 807 1144 869 qui
1164 818 1386 856 vetustum
1404 815 1555 860 mortis
1577 815 1740 865 destruc
1771 828 1803 860 ΦΨ

408 867 612 915 veniebat
644 870 903 933 imperium3
940 892 1084 939 neque
1119 895 1225 926 vero
1277 893 1450 944 poterat
1506 888 1741 937 universita
1767 886 1803 927 'Ut

408 939 620 986 Dominus
643 941 828 990 formam
858 947 968 992 servi
990 950 1210 1013 suscipere
1226 987 1237 1009 ‚
1262 969 1350 1015 qua
1371 971 1450 1002 nos
1477 957 1688 1007 redimere
1708 961 1738 1009 d
1778 953 1803 1015 gl(

406 1010 625 1069 ponebat,
647 1014 726 1060 nisi
751 1031 852 1061 eum
879 1021 1115 1079 peperisset
1139 1023 1313 1071 ancilla.
1341 1030 1431 1073 Aut
1454 1030 1683 1090 quomodo
1717 1048 1743 1094 p
1796 1040 1803 1085 Ι

406 1081 532 1126 nobis
555 1094 853 1146 sputamenta,
874 1090 1063 1150 palmas,
1092 1103 1136 1139 et
1153 1111 1331 1143 crucem
1349 1099 1426 1145 Dei
1451 1100 1585 1148 Filius
1611 1104 1744 1151 sustin
1772 1098 1803 1142 Ἠ

403 1161 483 1207 ret,
511 1154 591 1198 nisi
619 1171 663 1199 se
685 1156 825 1203 filium
853 1160 1043 1208 hominis
1064 1165 1349 1227 praebuisset?
1779 1185 1801 1215 en

462 1225 518 1268 ΙΙ.
547 1227 658 1271 Vere
680 1227 829 1273 infelix
851 1231 1025 1290 Judaea,
1051 1251 1151 1295 quae
1173 1252 1251 1298 per
1272 1238 1475 1286 adulterii
1497 1242 1746 1292 calumnian
1782 1258 1803 1285 't

400 1293 637 1340 tenebrosis
678 1299 997 1359 suspicionibus
1031 1313 1203 1352 tantum
1240 1309 1322 1354 sibi
1362 1310 1515 1358 lumen
1557 1314 1739 1364 obscura
1798 1311 1803 1357 l

396 1380 513 1424 quae,
540 1364 647 1412 dum
669 1384 759 1414 non
782 1371 920 1418 credit
944 1375 1167 1436 Virginem
1190 1383 1460 1443 concepisse,
1493 1383 1747 1445 dignatione·

396 1436 472 1481 Dei
498 1438 563 1482 sui
586 1439 830 1488 humanum
858 1456 986 1492 vocat
1018 1447 1063 1492 in
1092 1450 1258 1496 crimen
1279 1488 1289 1509 ‚
1326 1463 1370 1499 et
1398 1455 1572 1502 invidiae
1597 1474 1686 1503 suae
1710 1462 1748 1507 h.

394 1506 539 1554 betata
561 1510 745 1571 caligine
771 1514 946 1578 culpam
969 1518 1129 1565 clamat
1154 1537 1267 1580 esse,
1293 1526 1415 1587 quod
1436 1529 1573 1578 virtus
1596 1546 1673 1582 est.
1699 1540 1748 1586 Se

390 1580 520 1624 erede
537 1616 547 1636 ,
583 1583 828 1631 miserande
851 1590 995 1634 Homo
1010 1626 1020 1646 ,
1054 1592 1125 1637 cui
1148 1594 1238 1640 sola
1267 1597 1417 1644 salutis
1438 1609 1526 1647 tuae
1555 1602 1638 1652 fuit
1657 1624 1750 1657 caus

390 1651 610 1698 nascendi.
633 1657 911 1718 Perpendite,
939 1663 1126 1720 Fratres,
1151 1681 1276 1726 quae,
1298 1677 1341 1714 et
1362 1682 1526 1731 quanta
1543 1676 1597 1721 sit
1614 1682 1751 1727 eaecitz

389 1721 656 1780 perfidorum
674 1762 685 1782 ,
731 1744 831 1790 quae
868 1732 1090 1780 Christum
1147 1747 1278 1797 negat
1320 1743 1436 1788 nasci
1478 1748 1670 1805 potuisse
1725 1752 1752 1799 d

389 1793 587 1853 Virgine,
621 1807 664 1842 et
686 1799 731 1843 in
757 1802 992 1850 Nativitate
1020 1806 1210 1866 coelesti,
1237 1814 1600 1866 cousuetudinem
1633 1826 1752 1886 requi

385 1863 440 1908 rit
481 1865 741 1925 humanam,
784 1888 832 1917 ac
872 1876 1012 1921 Deum
1048 1889 1348 1929 creaturarum
1385 1884 1556 1946 legibus
1599 1891 1754 1941 discuti

383 1944 596 1982 creatura,
624 1939 740 1985 Nihil
759 1941 907 2005 itaque
919 1945 975 1991 de
994 1949 1228 1997 Nativitate
1249 1955 1342 2016 ejus
1355 1956 1549 2006 humana
1571 1974 1754 2013 retracte

382 2003 580 2065 impietas
597 2044 607 2064 ‚
644 2026 777 2070 quem
800 2015 916 2060 nasci
942 2032 1022 2078 pro
1039 2019 1217 2068 homine
1237 2024 1374 2085 pietas
1403 2028 1616 2079 invitavit.
1643 2038 1754 2090 Quo<

380 2075 568 2123 hominis
590 2089 633 2124 et
659 2082 736 2126 Dei
759 2084 895 2131 Filius
917 2088 1165 2139 humiliavit
1177 2109 1222 2139 se
1245 2095 1289 2141 in
1316 2112 1468 2158 earne,
1493 2104 1615 2166 quod
1638 2109 1755 2170 Virg‹

379 2148 594 2209 concipit,
621 2152 753 2212 Virgo
785 2159 993 2216 parturit,
1031 2171 1075 2207 et
1107 2164 1229 2224 quod
1249 2181 1477 2228 permanet
1512 2176 1635 2237 virgo
1671 2195 1749 2241 pos
1782 2228 1786 2236 ,

376 2227 575 2278 partum,
600 2221 788 2270 coelestis
811 2230 1004 2287 mysterii
1026 2232 1163 2279 virtus
1191 2246 1255 2283 est
1271 2272 1283 2296 ,
1321 2256 1411 2287 non
1433 2247 1627 2294 mortalis
1659 2251 1755 2298 ord<

375 2298 558 2336 natm-se.
