1803 3276
365 264 503 291 sunno
535 263 593 290 vi.
633 265 684 290 1¹15
719 266 966 291 ,xscm‘smxss
1001 268 1154 292 nomm
1190 270 1233 292 11.
1410 258 1493 294 369

114 343 230 387 exire,
249 353 323 380 non
337 343 460 379 credis
475 344 511 378 in
529 343 735 379 visceribus
753 344 824 378 suis
840 343 915 378 sino
934 342 1015 377 viro
1034 344 1195 388 potuisse
1213 344 1412 390 concipere
1428 371 1438 388 ‚
1455 353 1491 381 et

112 402 188 438 sine
204 402 458 448 corruptionis
476 402 565 437 vitio
584 406 787 445 generare?
802 401 927 436 Ita-nc
940 411 1030 436 vero
1048 401 1216 437 Christus
1234 403 1270 437 in
1288 402 1412 439 Matre
1428 415 1491 440 sua

112 471 264 496 servare
278 471 352 496 non
366 460 502 506 potuit,
523 460 623 505 quod
642 460 677 494 in
696 465 795 494 terra
815 460 989 504 perfecit?
1008 460 1124 503 Finge,
1144 459 1228 506 suge
1248 461 1397 497 omnino
1414 473 1493 497 sus-

111 519 296 565 picionem
315 519 580 565 corruptionis,
595 518 657 553 nbi
677 519 781 553 andis
800 519 1033 563 praesentiam
1053 519 1264 564 majestatis.
1284 520 1380 556 Dicit
1397 522 1492 556 enirn

111 578 277 624 Angelus
297 578 346 613 ad
361 577 544 614 Mariam:
563 589 583 613 c(
601 577 758 623 Spiritus
777 582 925 612 sanctus
949 578 1185 623 superveniet
1200 579 1234 613 in
1252 585 1303 622 te,
1326 586 1362 615 et
1378 580 1494 616 virtus

112 647 133 670 ι)
155 636 333 672 Altissimi
346 635 585 672 obumbrabit
598 636 680 679 tibi3
693 641 895 681 propterca
910 636 1011 681 quod
1026 642 1200 672 nascetur
1209 647 1253 673 ex
1264 642 1300 673 te
1317 637 1493 674 Sanctum

111 709 128 726 »
158 694 356 731 vocabitur
372 694 487 730 Filius
505 695 572 730 Dei
596 694 662 741 (a).
681 705 701 729 ι)

157 753 227 789 IV.
247 753 308 791 Sic
329 763 479 800 passum
501 752 691 790 Christum
712 764 845 802 negas,
872 760 913 791 ut
932 755 1095 800 genitum
1115 755 1285 797 diffidas;
1313 755 1364 792 sic
1392 765 1491 792 mor-

113 819 234 856 tuum,
252 812 303 848 sic
317 813 503 858 sepultum
517 813 677 859 abjuras,
692 813 757 848 sed
773 819 894 850 totum
908 814 1102 859 praestigiis
1120 814 1250 850 asseris
1267 814 1492 850 coloratum.

114 871 146 907 Ο
173 881 273 907 caeca
290 871 468 918 perfidiat
500 872 588 917 quid
618 882 751 907 verum
773 883 792 907 a
819 878 857 908 te
881 872 1003 918 potuit
1025 873 1249 920 praedicari,
1271 882 1355 919 quae
1379 874 1495 919 ipsam

113 930 311 966 veritatem
329 931 452 966 credis
466 931 630 976 potuisse
647 930 824 966 mentiri?
841 932 942 967 Audi
956 931 1077 977 ipsum
1092 932 1292 967 Dominum
1305 931 1494 968 Christum

112 989 321 1025 dicentem:
341 1001 361 1026 α
380 989 462 1036 Ego
478 1000 559 1025 sum
579 990 651 1032 via,
672 991 810 1026 veritas
829 995 865 1026 et
883 990 957 1025 vita
977 987 1040 1036 (b).
1059 999 1080 1024 n
1103 990 1177 1026 Sed
1199 991 1257 1027 dic
1275 990 1386 1025 mihi:
1406 990 1495 1035 quid

114 1049 303 1085 osculatus
315 1055 370 1085 cst
383 1048 405 1084 J
408 1050 498 1084 udas
515 1050 709 1095 ingratus?
723 1049 926 1093 hominem,
944 1059 988 1083 an
1002 1047 1202 1094 imaginem
1219 1048 1498 1085 obumbratam?

111 1118 284 1151 carnem,
315 1118 361 1144 an
383 1108 499 1153 ipsam
529 1107 772 1142 substantiam
796 1106 1056 1152 corporalem?
1084 1108 1183 1151 Quid
1205 1108 1310 1142 miles
1334 1106 1496 1143 terruit?

112 1167 201 1213 quid
218 1167 376 1203 vinculis
394 1167 499 1202 duris
512 1166 694 1202 inseruit?
716 1166 809 1212 quid
828 1166 967 1202 Pilatus
984 1167 1154 1203 audivit?
1167 1166 1258 1213 quid
1274 1166 1499 1212 flagellavit?

111 1227 202 1272 quid
232 1236 409 1263 coronam
431 1225 531 1261 illam
558 1236 599 1262 ex
622 1225 798 1272 vepribus
822 1227 1033 1262 contextam
1053 1226 1173 1270 capite
1199 1226 1260 1271 pio
1279 1225 1442 1272 praetulit
1461 1232 1497 1261 et

113 1284 299 1331 gestavit?
325 1285 415 1331 quid
445 1284 599 1320 Judaeus
622 1284 704 1320 selle
726 1290 762 1319 et
787 1290 892 1320 aceto
910 1283 1080 1329 potavit‘.>
1106 1284 1196 1329 quid
1215 1284 1321 1320 miles
1339 1285 1376 1319 in
1398 1282 1498 1329 ligno

110 1342 323 1389 suspendit?
342 1343 380 1378 Si
396 1342 566 1379 Christus
584 1343 716 1378 umbra
733 1342 820 1389 fuit,
849 1342 951 1378 hasta
968 1343 1028 1378 illa
1045 1342 1190 1390 profani
1206 1343 1331 1379 militis
1347 1344 1499 1379 umbras

109 1400 386 1437 diverberavit?
397 1401 497 1445 Quid
515 1401 536 1436 J
541 1401 654 1448 oseph
669 1402 729 1439 ille
746 1401 791 1436 ab
810 1401 1018 1437 Arimathia
1042 1401 1394 1448 obsequentissimus
1412 1401 1496 1437 Dis-

111 1460 258 1507 cipulus
287 1460 442 1496 sindone
464 1461 604 1496 munda
632 1462 816 1504 contexit,
843 1467 906 1496 aut
932 1462 1022 1506 quid
1052 1462 1088 1496 in
1113 1461 1285 1506 sepulcro
1309 1461 1447 1506 posuit,
1469 1461 1500 1496 si

111 1528 245 1554 verum
262 1529 400 1565 corpus
416 1519 452 1554 in
472 1519 619 1556 Christo
640 1530 713 1554 non
731 1518 829 1555 fuit?
853 1518 953 1564 Ergo
976 1529 1045 1554 nec
1072 1518 1210 1564 Judas,
1232 1518 1297 1563 qui
1315 1518 1469 1554 tradidit
1487 1545 1497 1562 ‚

111 1576 308 1623 peccavit,
338 1578 449 1623 quia,
477 1583 519 1613 ut
544 1578 657 1622 dicis,
683 1589 757 1614 non
784 1579 904 1614 Deum
928 1578 1103 1621 tradidit,
1128 1577 1193 1612 sed
1218 1577 1403 1623 fignram3
1429 1587 1498 1612 nec

111 1637 267 1673 Judaeus
281 1637 472 1673 homicida
492 1637 662 1682 (leliquit,
690 1647 758 1673 nec
780 1639 885 1673 miles
903 1637 1081 1683 profanus
1101 1637 1338 1683 sacrilegium
1362 1647 1495 1684 perpe-

113 1697 243 1739 travit,
265 1697 353 1742 quia
370 1707 445 1733 non
463 1696 597 1733 Filium
615 1697 698 1740 Dei,
718 1698 783 1733 sed
800 1697 997 1742 imaginem
1014 1707 1171 1733 vacuam
1189 1696 1389 1732 crucifixit.
1412 1696 1496 1732 Fal-

110 1756 198 1791 sitas
217 1764 308 1800 ergo
326 1766 454 1792 omnes
484 1755 665 1799 absolvit,
698 1756 785 1801 quia
808 1766 884 1790 non
896 1762 1029 1807 *potest
1052 1766 1140 1791 reus
1171 1755 1290 1790 teneri
1308 1754 1473 1790 criminis
1490 1781 1498 1797 ‚

111 1815 180 1860 qui
196 1814 286 1850 nihil
305 1815 458 1851 occidit.
475 1813 595 1850 Etubi
609 1815 777 1859 estquod
790 1814 994 1860 Apostolus
1011 1814 1060 1850 ait
1077 1824 1119 1849 z«
1137 1813 1174 1849 Si
1187 1814 1284 1850 enim
1304 1813 1497 1858 cognovis—

112 1883 132 1907 »
159 1878 254 1918 sent,
273 1883 464 1918 nunquam
483 1873 684 1908 Dominum
705 1871 832 1917 gloriae
848 1871 1214 1917 crucifixissent(c).»
1230 1870 1332 1915 Quid
1348 1871 1502 1914 insanis,

115 1943 137 1968 o
155 1931 305 1967 inimice
322 1932 489 1968 veritatis
502 1931 519 1965 ἰ)
539 1931 617 1967 Cur
634 1931 849 1966 nebulosam
875 1931 988 1967 fidem
1009 1936 1111 1966 tuam
1141 1931 1186 1966 de
1212 1931 1369 1966 falsitate
1389 1939 1496 1966 com-

112 1990 248 2037 ponis?
266 2001 336 2026 cur
347 2001 422 2026 non
441 1990 559 2026 solum
577 1996 634 2034 te,
651 1991 716 2026 sed
736 1995 771 2025 ct
790 1990 878 2026 alios
896 1991 1034 2036 decipis
1054 1996 1090 2025 et
1111 1989 1273 2026 occidis?
1287 1999 1356 2025 cur
1373 1988 1496 2025 homi-

111 2060 176 2086 nes
197 2060 218 2085 a
240 2049 388 2086 Christo
403 2050 562 2085 alienare
580 2050 800 2086 contendis?
820 2049 856 2085 Si
876 2051 973 2085 enim
991 2049 1161 2085 Christus
1177 2049 1356 2084 mentitus
1371 2053 1440 2090 est,
1461 2055 1496 2083 et

112 2110 293 2147 Divinitas
310 2110 445 2147 vitium
461 2109 627 2145 falsitatis
645 2110 822 2152 incurrit,
842 2115 879 2145 et
897 2110 1058 2147 mundus
1072 2110 1108 2144 in
1129 2114 1284 2154 peccato
1303 2109 1496 2151 remansit,

111 2179 180 2204 nec
197 2168 364 2205 diabolus
387 2179 475 2205 reus
492 2174 546 2204 est
564 2169 629 2214 qui
651 2169 823 2214 perfecit.

161 2227 208 2264 V.
224 2227 370 2274 Nempe
386 2238 486 2264 nunc
502 2228 576 2264 «In
590 2227 738 2264 nomine
756 2227 778 2262 J
782 2237 846 2262 esu
857 2237 965 2263 omne
979 2236 1074 2271 genu
1092 2222 1258 2262 flectitur
1274 2225 1493 2269 coelestium,

114 2297 134 2322 ›>
159 2287 414 2331 terrestrium,
425 2286 701 2322 etinfernorum
713 2285 802 2334 (d).»
815 2286 986 2332 Nempe«
1002 2285 1130 2321 Omnis
1143 2285 1266 2329 lingua
1279 2284 1494 2327 confitetur,

111 2357 132 2379 ι)
161 2345 248 2392 quia
270 2346 450 2382 Dominus
467 2346 575 2381 Jesus
592 2345 762 2381 Christus
780 2345 817 2379 in
837 2345 953 2389 gloria
973 2349 1028 2379 est
1056 2343 1126 2379 Dei
1148 2344 1269 2379 Patris
1289 2343 1351 2391 (e),
1364 2355 1384 2378 »
1401 2343 1495 2379 sicut

111 2404 315 2450 Apostolus
325 2405 434 2440 dicit:
448 2403 569 2440 «Ecce
582 2403 728 2440 Christo
740 2410 775 2439 et
787 2409 935 2439 terrena
948 2402 1115 2437 serviunt
1129 2407 1165 2437 et
1180 2401 1498 2437 coelestia.›)Num-

113 2463 207 2508 quid
229 2463 258 2499 si
276 2462 418 2498 fallitur
435 2462 610 2498 saeculum
623 2488 634 2506 ,
660 2462 850 2497 hebetavit
867 2467 904 2497 et
922 2461 1056 2497 coelum
1071 2462 1086 2496 ’ἲ
1107 2461 1143 2496 Si
1160 2460 1328 2497 homines
1347 2467 1469 2496 errant
1486 2486 1495 2501 ,

158 2555 206 2598 (a)
228 2557 329 2589 Matth
343 2582 352 2599 ,
373 2558 402 2599 ι’,
423 2556 477 2589 35.
506 2574 545 2579 —-
561 2557 605 2597 (21)
620 2558 709 2589 Joau.
732 2568 800 2598 xiv²
825 2557 857 2589 G.
886 2575 926 2579 -
941 2557 983 2598 (c
1004 2568 1014 2587 1
1040 2558 1110 2588 Cor.
1140 2568 1181 2597 ιι,
1203 2556 1233 2588 8.
1256 2573 1296 2577 —-
1311 2554 1359 2595 (d)
1383 2554 1491 2596 Philip.

114 2624 156 2653 11,
185 2624 236 2645 10.
253 2613 350 2654 —(e)
368 2613 449 2646 lbid.
473 2625 523 2644 11.

333 2683 472 2713 cxxx.
1236 2673 1283 2709 -ὲῙε-
