1803 3276
307 308 388 347 140
735 320 768 350 s.
807 322 1037 351 AI'GL‘STHH
1073 321 1253 349 EPISCOPI

306 405 324 425 υ
350 386 482 430 altare
502 388 593 442 nvi,
610 386 663 432 ad
682 392 818 432 Deum
838 389 912 450 qui
932 387 1412 447 laetifieatjuventutem
1431 391 1691 443 ineam(a).»

306 457 481 502 Dimissa
516 459 747 520 iniquitate
772 469 932 515 nostra,
954 458 1095 504 soluta
1117 467 1269 502 eatena
1292 465 1455 513 nostra,
1481 458 1584 518 quia
1604 459 1697 518 ipse

300 540 363 574 est
384 532 458 592 qui
488 531 682 577 laetifieat
704 533 893 577 animam
917 541 1126 585 nostram,
1152 530 1312 574 iterum
1330 526 1528 574 dicamus
1545 549 1553 574 :
1572 549 1593 572 «
1612 533 1698 575 Iste

303 619 322 640 »
357 611 420 645 est
445 602 561 657 dies,
594 615 727 663 quem
763 601 866 647 fecit
896 601 1131 656 Dominus,
1163 598 1406 644 exultemus
1433 607 1477 644 et
1497 597 1699 646 laetemur

301 690 321 711 »
353 673 394 717 in
424 673 570 729 (Ὀφ).
601 692 620 714 υ

357 747 433 788 IV.
450 748 585 789 Nemo
598 745 806 801 tristetur,
821 747 854 789 si
865 747 1078 801 hortatur,
1091 754 1325 806 antequam
1337 742 1492 805 perdet
1499 753 1696 805 tempora

295 831 427 875 quam
451 815 705 874 dignitatem
721 819 822 874 (sle)
842 834 850 859 :
878 828 921 862 et
932 819 964 862 si
986 833 1119 878 parva
1141 816 1253 862 forte
1271 817 1409 861 utitur
1430 825 1564 873 veste,
1589 816 1697 862 luci-

294 886 394 931 dam
410 888 611 934 exhibeat
621 898 884 944 menteni‚et
898 890 1050 950 majori
1063 889 1229 934 lucebit
1242 889 1424 944 honore,
1451 888 1558 933 dum
1579 887 1696 933 exul-

295 968 356 1003 tat
372 975 460 1004 non
482 961 525 1004 in
539 961 697 1005 vestitu
713 978 806 1017 suo,
823 961 955 1007 sedin
966 961 1036 1006 die
1049 972 1198 1007 saneto
1211 977 1290 1006 suo
1304 983 1314 1019 ·,
1331 961 1433 1022 quia
1450 976 1541 1005 non
1557 959 1663 1005 dixit
1681 980 1691 1006 ε

294 1029 548 1075 Exultemus
570 1032 614 1075 in
628 1033 887 1077 vestimento
908 1042 1072 1089 nostro,
1099 1031 1174 1077 sed
1192 1032 1301 1076 dixit
1322 1052 1330 1076 2
1355 1030 1696 1075 «Jucundemur

292 1101 416 1146 ineo.
451 1122 467 1143 »
485 1103 1051 1161 Diosistetenebrasncscit,
1077 1105 1178 1166 quia
1197 1105 1289 1164 ipse
1303 1103 1468 1164 primus
1489 1103 1694 1148 tenebras

291 1171 502 1231 effugavit
529 1193 536 1218 ε
560 1175 697 1219 nescit
714 1176 960 1234 caliginem,
982 1176 1083 1237 quia
1106 1175 1268 1220 delevit
1290 1189 1466 1220 omnem
1488 1174 1693 1219 obscuri-

293 1250 423 1286 tatem
450 1259 458 1284 :
482 1245 630 1288 nescit
658 1245 830 1289 noxiam
861 1245 1183 1305 dependentem
1205 1244 1494 1301 calumniam,
1519 1246 1623 1306 quia
1644 1245 1692 1291 in

289 1328 418 1357 eruce
440 1311 605 1374 dirupit
620 1315 766 1360 omnia
783 1316 937 1360 merita
952 1319 964 1342 ¹
982 1326 1151 1361 nostra:
1177 1316 1346 1376 paravit
1361 1331 1441 1376 pro
1459 1314 1585 1361 nobis
1601 1315 1693 1361 lec-

288 1393 383 1428 tum
406 1384 613 1430 innocens
632 1386 1063 1447 Redemptor3sugit
1084 1387 1399 1444 calumniator,
1427 1397 1470 1432 et
1496 1386 1691 1446 linguam

286 1456 479 1516 perdidit
495 1457 755 1505 :smum-ator.
782 1460 881 1505 Dies
903 1459 1205 1519 indulgentiae,
1231 1459 1323 1505 dies
1350 1460 1625 1515 remissionis,
1646 1469 1692 1506 et

285 1530 376 1572 dies
408 1529 689 1576 liberationis.
717 1533 847 1592 Apud
868 1533 989 1578 vivos
1007 1542 1072 1576 est
1093 1532 1331 1592 gaudium,
1363 1531 1419 1577 ad
1457 1529 1691 1577 defunctos

288 1602 482 1659 pervenit
494 1602 778 1661 refrigerium.
792 1604 889 1648 Dies
899 1603 1111 1648 istelaetus
1126 1613 1168 1648 et
1178 1602 1424 1659 latus,liber
1437 1613 1480 1649 et
1493 1603 1684 1660 lucidus,

289 1690 309 1713 «
348 1674 574 1733 'l'anquam
591 1673 711 1718 mille
725 1675 884 1718 anniin
895 1684 1133 1734 conspeetu
1152 1674 1223 1718 Dei
1237 1677 1313 1733 (c),
1331 1692 1351 1715 »
1375 1674 1478 1736 quia
1495 1675 1689 1719 vereiste

284 1751 348 1786 est
374 1762 393 1784 α
416 1744 506 1788 Dies
520 1760 651 1805 quem
666 1744 768 1788 feeit
785 1742 1011 1790 Dominus.
1039 1763 1059 1785 »
1081 1746 1226 1790 Vitam
1243 1745 1394 1805 sijvelit
1409 1761 1499 1790 non
1516 1755 1688 1791 mutare

284 1814 327 1856 in
355 1814 625 1873 plenitudine
647 1813 832 1860 millium
857 1832 1070 1861 annornm
1092 1817 1213 1875 (sic),
1235 1817 1478 1861 merebitur
1496 1817 1686 1876 gaudere

284 1885 378 1928 sine
397 1886 483 1928 (ine
502 1886 545 1929 in
567 1885 643 1929 illo
662 1885 747 1941 die,
775 1887 819 1929 in
842 1903 931 1947 quo
953 1903 1053 1932 vera
1081 1903 1187 1932 voce
1209 1888 1452 1932 cantabunt
1478 1888 1615 1932 saneti
1636 1888 1682 1932 in

277 1955 572 2015 jucunditate,
586 1956 830 2001 exultantes
844 1958 894 2001 in
904 1957 1116 2014 claritate,
1136 1958 1181 2001 in
1195 1957 1416 2003 cubilibus
1433 1959 1519 2003 suis
1533 1958 1682 2004 laetan-

284 2036 344 2071 tes
367 2043 469 2072 cum
492 2028 728 2084 Salvatore,
755 2029 948 2074 dieentes
967 2040 1100 2091 atque
1117 2029 1456 2090 respondentes:
1479 2034 1600 2075 «Iste
1614 2040 1679 2076 est

284 2116 303 2139 »
326 2096 432 2154 dies,
451 2115 584 2160 quem
602 2098 705 2144 feeit
727 2100 962 2157 Dominus,
987 2100 1233 2146 exultemus
1246 2110 1289 2146 et
1301 2101 1501 2147 laetemur
1514 2102 1559 2146 in
1578 2117 1676 2147 eo.»

324 2207 369 2248 (a)
391 2208 468 2240 l‘sal.
489 2220 569 2248 χιιι,
594 2208 626 2252 4.
650 2226 691 2231 —-
717 2208 758 2249 (h)
780 2209 825 2241 Id.
843 2220 940 2252 cxvu,
955 2209 1008 2253 24.
1026 2226 1068 2232 --
1082 2209 1126 2250 (c)
1145 2209 1192 2242 Id.
1213 2206 1348 2251 mxxxix,
1367 2208 1400 2252 4.

327 2281 334 2296 ¹
351 2275 499 2318 Met-sta,
525 2276 556 2309 id
575 2282 641 2320 est,
661 2276 920 2311 maledictionem
942 2277 1065 2311 meritis
1086 2282 1294 2321 peccatorum
1314 2277 1472 2312 debitam.
