1803 3276
292 283 372 323 118
732 293 765 320 s.
803 291 1029 319 notarim
1066 292 1243 318 EPtSGOPt

292 374 382 409 ma,
408 356 492 402 lide
515 357 749 411 immobili,
787 356 983 401 castitate
1004 366 1149 400 saneta
1167 391 1177 410 ‚
1209 365 1432 400 teneamus
1461 370 1578 411 eum,
1604 370 1676 410 116,

291 429 475 491 peccatis
503 427 765 473 facientibus
781 462 791 482 ‚
819 443 840 472 a
864 426 990 472 nobis
1015 425 1273 486 repellemus
1295 441 1394 471 eum
1413 462 1423 481 ‚
1445 435 1489 471 et
1513 424 1586 471 ille
1608 425 1682 472 de-

291 500 508 561 relinquat
530 514 608 545 nos
625 535 635 554 ,
670 508 709 544 et
737 499 886 559 inopes
915 514 963 542 ac
986 496 1167 558 pupilli,
1198 495 1450 543 discedente
1467 496 1678 552 Domino,

288 588 613 629 remaneamus3
639 571 799 616 habeat
831 579 995 615 castum
1033 567 1177 615 cubile
1205 578 1434 626 nostrum,
1464 567 1683 625 mundum

290 644 424 690 simus
452 641 779 699 habitaculum,
804 657 961 701 corpus
987 656 1078 685 non
1101 640 1235 685 simus
1264 638 1544 698 delectabile3
1568 649 1683 685 tem-e

291 715 416 775 plum
439 715 529 774 ejus
553 729 722 767 sumus,
753 712 963 772 quoniam
985 711 1039 755 de
1066 711 1192 756 nobis
1210 710 1419 770 scriptum
1444 719 1534 766 est,
1560 709 1604 754 id
1622 718 1687 758 est

291 785 348 830 de
371 784 625 830 Christianis
648 781 851 827 fidelibus
874 802 883 827 ι
911 785 1034 828 «Vos
1057 782 1155 826 estis
1179 781 1392 843 templum
1409 782 1486 827 Dei
1505 817 1515 837 ,
1536 790 1579 825 et
1595 780 1688 841 Spi-

296 875 316 898 »
353 856 460 900 ritus
486 855 564 900 Dei
583 854 753 899 habitat
775 853 821 897 in
844 853 967 898 vobis
994 857 1074 909 (a).
1103 871 1123 894 »
1151 853 1195 900 Si
1220 854 1404 914 Spiritus
1425 852 1689 901 habitaverit

294 929 341 974 in
362 927 511 983 nobis,
533 942 705 972 necesse
725 934 788 969 est
802 961 813 979 ,
839 934 889 969 ut
922 934 965 969 et
987 928 1115 970 Pater
1137 924 1267 970 simul
1290 925 1459 969 habitet
1487 939 1588 970 cum
1610 938 1688 968 suo

295 999 482 1060 Spiritu,
519 997 622 1059 quia
649 997 830 1058 Spiritus
853 1005 1026 1041 sanctus
1050 996 1188 1041 Patris
1216 1005 1260 1042 et
1284 995 1384 1042 Filii
1405 995 1691 1040 consubstan-

295 1072 409 1117 tialis
430 1080 515 1126 est,
538 1080 582 1116 et
604 1070 680 1114 ubi
705 1073 830 1114 Pater
851 1078 896 1113 et
918 1068 1101 1129 Spiritus
1124 1077 1298 1113 sanctus
1317 1068 1604 1123 habitaverit,
1630 1067 1690 1111 si—

294 1141 388 1188 mul
410 1157 512 1187 611111
539 1141 598 1186 615
617 1139 779 1186 Filium
802 1155 975 1185 11666556
993 1149 1058 1184 651
1075 1139 1274 1184 habitare
1289 1175 1301 1196 ,
1322 1139 1426 1200 quia
1451 1154 1532 1183 nec
1554 1138 1691 1187 Filius

291 1215 385 1259 sine
412 1217 539 1258 Patre
569 1212 806 1274 aliquando
835 1210 921 1257 fuit
938 1248 948 1268 ,
972 1227 1054 1257 nec
1075 1215 1202 1257 Pater
1223 1211 1316 1256 sine
1339 1210 1452 1256 Filio
1473 1210 1586 1268 fuit,
1613 1226 1693 1256 nec

297 1284 481 1344 Spiritus
511 1293 686 1328 sanctus
706 1283 798 1328 sine
828 1286 956 1328 Patre
983 1293 1026 1328 et
1047 1283 1159 1328 Filio
1183 1281 1421 1344 aliquando
1443 1281 1530 1326 suit
1545 1317 1556 1338 ,
1581 1297 1694 1343 quo-

296 1357 415 1402 niam
445 1355 630 1400 Trinitas
652 1355 747 1400 haec
770 1354 1025 1400 omnimodo
1054 1352 1401 1415 inseparabiliter
1433 1353 1516 1399 sibi
1544 1353 1693 1398 cohae-

296 1437 390 1483 ret,
420 1436 464 1472 et
486 1427 580 1472 haec
606 1426 792 1472 Trinitas
814 1443 929 1476 unus
958 1430 1073 1472 Deus
1099 1435 1177 1472 est.
1203 1429 1256 1472 In
1275 1424 1499 1488 nullojam
1519 1441 1696 1488 prorsus

301 1499 550 1546 Christiano
572 1499 854 1545 inveniantur
875 1508 996 1545 361115
1019 1498 1200 1544 diaboli.

358 1573 412 1617 V.
435 1574 608 1616 Fratres
629 1572 737 1628 mei,
764 1570 865 1617 Filii
887 1571 999 1629 mei,
1027 1570 1294 1616 mutavimus
1314 1578 1509 1631 patrem3
1527 1571 1697 1632 justum

299 1654 364 1689 est
400 1653 453 1689 ut
477 1654 698 1690 mutemus
721 1644 1038 1690 haereditatem.
1077 1647 1205 1689 Pater
1230 1653 1378 1689 noster
1407 1659 1549 1705 usque
1577 1658 1698 1689 nune

302 1714 505 1760 diabolus
526 1715 639 1775 fuit,
669 1718 760 1777 jam
786 1715 920 1762 modo
941 1717 1140 1762 Christus
1168 1720 1284 1762 Deus
1314 1715 1394 1772 sit,
1419 1724 1463 1760 et
1480 1713 1654 1760 liberati
1674 1731 1700 1760 a

303 1797 483 1848 peccato
501 1822 512 1843 ,
566 1789 802 1832 serviamus
830 1791 937 1834 Deo.
964 1787 1084 1842 Quid
1113 1787 1257 1833 adhuc
1290 1788 1421 1832 rebus
1442 1786 1701 1832 mortalibus

307 1857 607 1903 oblectamur?
629 1859 742 1913 Quia
762 1859 990 1918 fugitivam
1013 1859 1171 1916 vitam,
1197 1860 1231 1904 si
1257 1859 1350 1904 fieri
1367 1858 1525 1919 possit,
1551 1867 1700 1903 tenere

303 1945 530 1974 conamur.
559 1933 662 1990 Spes
686 1930 840 1975 clarior
863 1930 1035 1975 refulsit
1064 1931 1110 1975 111
1135 1931 1282 1987 terris,
1320 1929 1367 1976 id
1393 1939 1474 1986 est,
1501 1929 1699 1976 Christus

303 2002 514 2046 Dominus
527 2001 646 2046 113561
667 2001 870 2060 dignatus
891 2011 955 2047 est
977 2002 1023 2046 in
1043 2003 1130 2047 fine
1142 2001 1320 2058 mundi,
1346 2012 1397 2047 ut
1410 2001 1591 2046 terrenis
1611 2001 1700 2047 vita

302 2072 632 2133 promitteretur
654 2073 699 2116 in
717 2072 865 2131 coelis,
889 2075 1014 2135 cujus
1034 2073 1295 2119 inflammati
1310 2073 1542 2130 charitate,
1567 2071 1700 2135 quid-

302 2143 412 2206 quid
427 2144 471 2189 in
489 2145 692 2205 praesenti
709 2145 873 2190 habere
885 2145 1103 2202 videmur,
1121 2147 1266 2192 onmia
1279 2155 1459 2208 propter
1476 2146 1702 2192 Christum

309 2235 330 2259 «
364 2216 500 2261 Velut
520 2226 708 2261 stercora
731 2225 1035 2277 computemus
1050 2215 1134 2274 (b),
1158 2236 1179 2259 »
1212 2227 1255 2262 et
1281 2226 1493 2277 pereunte
1513 2215 1698 2272 mundo,

306 2304 355 2332 63
383 2288 530 2333 omnia
564 2288 693 2333 simul
722 2288 863 2349 perire
896 2304 1222 2347 cognoscamus.
1258 2291 1322 2335 Ne
1354 2287 1520 2350 aliquid
1552 2288 1704 2333 nobis-

305 2376 408 2405 cum
430 2360 586 2405 exinde
608 2370 783 2421 portare
812 2361 1046 2406 certissime
1074 2361 1261 2406 sciamus
1278 2398 1289 2417 ,
1316 2361 1397 2406 11151
1426 2360 1702 2406 solummodo

307 2447 463 2492 opera,
489 2448 589 2493 quae
612 2432 683 2477 hic
711 2431 843 2477 modo
867 2433 953 2478 sive
976 2431 1087 2477 mala
1106 2468 1116 2488 ,
1140 2433 1227 2478 sive
1246 2433 1362 2478 bona
1389 2433 1598 2491 gerimus,
1618 2447 1702 2477 no-

304 2503 477 2547 biseum
499 2504 752 2549 comitantia
774 2505 820 2548 in
838 2503 908 2548 die
928 2503 1083 2566 judicii
1103 2513 1203 2549 ante
1226 2504 1388 2551 Christi
1405 2503 1600 2550 tribunal
1622 2502 1702 2548 ad-

305 2575 592 2635 portabimus.
628 2575 752 2621 L'nde
774 2585 978 2638 prompto
1001 2575 1180 2624 consilio
1202 2575 1258 2622 de
1280 2577 1411 2622 rebus
1436 2576 1701 2622 transeunti-

354 2672 397 2709 (11‘
423 2673 516 2705 1Cor.
535 2682 579 2713 111,
599 2672 648 2705 16.
671 2689 711 2695 -
737 2672 779 2713 (h)
800 2672 910 2714 Philip.
933 2684 976 2713 in,
1001 2674 1033 2705 8.
