1803 3276
330 296 469 324 suano
501 295 588 322 L1v.
624 294 678 320 m:
709 291 864 320 SANCTO
896 291 1033 321 PAULO
1066 293 1289 324 ArosToLo.
1423 285 1506 324 283

123 377 225 407 nem
245 362 419 423 populis
447 360 710 421 profuerunt
735 378 744 404 :
781 360 872 414 (sic
901 362 1094 417 Moyses,
1133 361 1203 405 vel
1230 365 1402 417 Aaron,
1438 362 1507 407 vel

123 437 269 490 Jesus,
286 443 362 479 aut
382 432 521 488 Elias,
541 430 611 477 vel
630 429 828 486 Elisaeus,
854 446 1093 492 omnesque
1113 433 1289 478 Judices
1304 469 1315 489 ,
1333 433 1508 479 Samuel

122 521 301 568 quoque
327 513 371 549 et
392 502 557 559 David,
587 511 631 548 et
666 502 907 547 multitudo
941 512 1097 547 caetera
1129 505 1508 564 Prophetarum3)

122 581 147 624 J
151 591 338 623 oannem
350 576 480 621 etiam
490 574 745 635 Baptistam,
768 572 844 618 sed
860 582 903 618 et
919 573 1154 620 duodecim
1166 575 1407 635 Discipulos
1424 579 1508 620 Do-

121 648 244 704 mini,
265 657 397 709 atque
416 662 488 691 eos
504 646 582 707 qui
601 644 673 690 vel
694 660 796 690 cum
812 645 913 704 ipsis
930 645 999 689 vel
1015 661 1093 705 per
1108 645 1224 706 ipsos
1241 661 1342 690 cum
1358 643 1508 690 labore

120 718 262 764 multo
284 726 329 763 et
345 716 504 763 sudore
525 715 699 777 po'pulis
723 714 987 776 profuerunt
1011 718 1281 778 temporibus
1312 717 1398 761 suis
1419 716 1508 760 sin-

122 788 240 849 guli,
266 803 417 834 omnes
438 788 518 833 hos
534 787 709 832 interim
729 802 848 832 nunc
870 787 1141 844 omittentes,
1162 788 1349 833 Paulum
1366 787 1507 833 solum

120 860 381 906 adhibemus
397 859 453 905 ad
464 859 786 906 attestationem
806 859 930 904 verbi
947 861 1100 916 nostri,
1122 870 1165 906 et
1183 862 1229 905 in
1248 861 1342 920 ipso
1361 875 1409 904 ac
1430 874 1509 918 per

118 932 264 993 ipsum
292 930 664 977 considerabimus
686 930 795 992 quid
817 940 861 975 et
884 940 1100 992 quantum
1133 932 1186 976 sit
1207 947 1311 976 cura
1338 945 1386 974 ac
1408 929 1509 974 dili-

120 1004 265 1064 gentia
288 1004 557 1060 animarum,
593 1002 660 1046 vel
690 1003 724 1047 si
744 1017 901 1063 parum
923 1004 1063 1063 operis
1085 1013 1128 1047 et
1161 1003 1410 1063 prudentiae
1437 1017 1507 1046 re-

117 1075 272 1135 quirit,
304 1084 380 1119 aut
400 1088 557 1133 parum
576 1072 744 1118 consilii
764 1073 1015 1134 laborisque
1036 1074 1247 1135 deposcit.

178 1147 236 1189 ΙΙ.
268 1144 504 1189 Videamus
536 1159 640 1204 ergo
671 1143 782 1205 quid
805 1143 967 1189 Paulus
993 1145 1101 1190 dicit
1116 1145 1171 1190 de
1193 1143 1330 1189 Paulo
1347 1179 1358 1199 ,
1395 1152 1438 1187 et
1460 1157 1509 1186 ex

116 1216 211 1276 ipso
233 1214 343 1277 (fuid
363 1215 482 1260 istud
502 1215 556 1260 sit
577 1215 740 1274 negotii
761 1250 771 1270 ,
800 1214 855 1259 de
885 1231 973 1276 quo
1010 1217 1175 1274 agitur,
1217 1214 1504 1259 addiscamus.

116 1287 246 1333 Mitto
273 1303 530 1332 enumerare
552 1287 778 1332 «Labores
796 1296 838 1331 et
854 1286 1021 1346 vigilias
1035 1287 1080 1332 in
1103 1287 1171 1332 siti
1194 1296 1237 1332 et
1260 1285 1373 1331 fame
1391 1322 1401 1341 ,
1422 1286 1508 1329 nii-

119 1376 140 1400 »
175 1358 306 1403 serias
338 1358 539 1404 toleratas
568 1359 613 1403 in
640 1356 798 1416 frigore
827 1367 871 1401 et
901 1357 1116 1402 nuditate.
1159 1376 1178 1399 »
1212 1357 1380 1402 Omitto
1410 1356 1506 1400 illos

118 1431 384 1476 extrinsecus
415 1431 670 1475 insidiantes
708 1439 751 1473 et
787 1430 1046 1475 intrinsecus
1081 1430 1342 1474 resistentes.
1373 1428 1510 1473 Omit-

118 1510 164 1546 to
190 1502 513 1562 persecutiones
529 1537 540 1557 ,
583 1500 769 1546 Judai'ca
798 1500 976 1546 consilia
994 1537 1005 1557 ,
1045 1515 1261 1557 carceres,
1303 1499 1478 1544 vincula
1494 1535 1505 1554 ,

116 1583 386 1619 accusatores
407 1609 418 1630 ,
449 1573 640 1635 judicia,
671 1572 950 1635 quotidianas
979 1582 1022 1618 et
1043 1582 1370 1618 momentaneas
1390 1587 1510 1616 mor-

118 1654 208 1702 tes,
249 1664 271 1689 «
313 1645 436 1707 quod
464 1646 512 1690 in
549 1655 695 1706 sporta
723 1661 800 1706 per
823 1660 1000 1690 murum
1022 1645 1224 1690 dimissus
1252 1653 1348 1700 est,
1388 1642 1509 1704 quod

120 1735 141 1759 »
176 1717 396 1778 lapidatus
436 1727 526 1773 est,
567 1717 690 1779 quod
725 1718 858 1776 virgis
895 1733 1030 1762 caesus
1070 1726 1148 1761 est.
1182 1717 1396 1761 »Omitto
1426 1715 1511 1759 cir-

117 1788 262 1833 cuitus
285 1788 403 1833 orbis
430 1797 581 1843 terrae,
620 1807 641 1830 «
665 1786 859 1848 pericula
891 1787 937 1832 in
959 1787 1068 1833 mari
1089 1824 1100 1844 ,
1135 1786 1329 1848 pericula
1350 1787 1397 1830 in
1418 1795 1509 1830 ter-
1567 1782 1577 1786 ’

121 1877 142 1902 »
177 1860 263 1915 ris,
290 1859 378 1904 diei
410 1875 459 1905 ac
491 1860 658 1915 noctis,
690 1858 963 1920 profundum
987 1858 1289 1918 naufragium,
1314 1855 1510 1918 pericula

123 1947 144 1973 »
179 1930 442 1986 fluminum,
484 1929 678 1989 pericula
712 1930 964 1986 latronum,
995 1930 1187 1991 pericula
1225 1945 1276 1973 ex
1324 1944 1506 1987 genere,

120 2019 142 2043 >⁵
176 2001 371 2061 pericula
394 2002 441 2046 in
467 1999 584 2046 falsis
611 2000 793 2046 fatribus
826 2004 920 2061 (ζὼς
948 2020 969 2043 »
1002 2017 1216 2046 manuum
1243 1999 1392 2044 labore
1414 1999 1509 2044 vic-

118 2081 215 2117 tum
251 2074 486 2135 quaesitum
527 2073 589 2129 (b)
613 2094 624 2131 3
673 2073 823 2135 quod¹
871 2074 961 2118 sine
998 2082 1178 2133 sumptu
1219 2070 1510 2130 Evangelium

117 2144 389 2204 praedicabat
413 2146 473 2200 (c)
493 2179 504 2199 ,
537 2143 658 2205 quod
687 2164 706 2187 «
730 2146 949 2189 theatrum
979 2143 1147 2189 factum
1172 2153 1236 2188 est
1253 2152 1296 2187 et
1316 2142 1508 2186 homini-

121 2232 142 2256 »
178 2216 286 2260 bus2
320 2225 364 2260 et
391 2214 570 2274 Angelis
595 2214 668 2272 (cl)
693 2234 713 2257 »
750 2217 784 2259 is
816 2216 892 2277 qui
919 2215 1088 2260 medius
1111 2215 1189 2259 Dei
1222 2223 1265 2258 et
1283 2214 1511 2258 hominum

120 2287 406 2342 consistebat,
441 2302 521 2347 pro
563 2288 765 2332 omnibus
794 2288 971 2349 quidem
1000 2302 1159 2346 agones
1198 2295 1240 2330 et
1274 2285 1510 2330 certamina

120 2358 356 2413 sustinens,
383 2360 473 2401 Deo
497 2357 738 2402 substantia
771 2358 985 2418 populum
1011 2373 1264 2417 comparans
1295 2365 1337 2400 et
1362 2357 1510 2417 acqui-—

123 2442 234 2472 rens.
250 2431 414 2472 Praeter
431 2428 525 2472 haec
547 2443 650 2487 ergo
671 2429 838 2483 omnia,
867 2429 963 2489 quis
984 2427 1114 2487 digne
1136 2442 1353 2488 exponere
1370 2427 1511 2471 valeat

167 2534 215 2576 (a)
241 2546 259 2567 2
277 2538 414 2578 Cor-311,
434 2535 497 2576 26,
523 2538 577 2569 28.
605 2554 646 2559 ·—
666 2536 708 2578 (b)
726 2548 739 2570 1
756 2538 829 2570 Cor.
846 2548 888 2578 w,
913 2545 964 2568 12.
991 2554 1032 2558 ——
1052 2536 1093 2576 (c)
1117 2537 1162 2569 Id.
1180 2548 1223 2577 iz,
1256 2538 1306 2567 18.
1333 2553 1369 2559 --
1394 2534 1438 2575 [d‘
1461 2536 1507 2566 111.

123 2601 175 2633 lv,
200 2602 233 2633 9.

172 2664 181 2679 ¹
203 2657 312 2699 Quod
329 2657 360 2691 in
379 2659 457 2693 Cod.
477 2659 688 2694 desideratur.
708 2677 749 2684 -
769 2668 780 2684 2
801 2660 879 2693 Cod.
907 2659 988 2693 male
1007 2658 1186 2693 Ιιοιηῐιιιιηι.
