1803 3276
504 311 643 340 SEnmo
676 315 723 340 ιι.
761 315 803 341 m
837 311 1099 341 suxAcEsmA
1134 317 1179 342 11.
1454 303 1530 344 341

149 380 277 415 nacula
291 406 300 423 ,
321 381 425 416 novis
440 380 617 426 periculis
632 381 847 425 profutura.
865 381 1018 426 Sapiens
1037 382 1132 415 cuim
1154 383 1309 427 quisque
1330 384 1536 428 intelligere

149 444 295 483 poterat
307 439 486 482 naufragii
499 439 621 473 nescio
634 439 723 483 quid
739 439 902 479 timei-0¹,
914 449 999 473 cum
1012 439 1141 474 domus
1157 441 1235 475 talis
1251 442 1360 477 suerit
1372 453 1454 487 quac
1466 454 1537 477 non

148 497 362 532 traheretur
377 507 390 523 ²
405 497 442 531 in
465 502 589 540 terra,
609 497 673 532 sed
688 503 836 532 nataret
854 497 889 531 in
907 497 1077 543 gurgite,
1096 508 1180 532 cum
1205 499 1412 544 hujusmodi
1437 510 1541 545 para-

147 561 255 591 retur
272 556 373 601 quod
399 566 468 592 nec
490 556 691 601 pavimenti
712 556 788 591 solo
808 556 1008 598 deficeret,
1029 566 1098 591 nce
1123 556 1299 592 {luctibus
1326 559 1421 593 unda
1445 558 1535 593 sub-

147 620 351 658 mergeret.
370 614 480 657 Quis,
497 615 668 659 inquam,
687 614 831 660 sapiens
848 624 921 650 non
938 614 1167 659 intelligeret
1185 616 1313 650 adesso
1334 616 1535 659 diluvium,

146 682 232 706 cum
255 672 402 707 videret
428 671 499 707 tale
523 672 753 708 domicilium
769 673 849 708 lieri
865 673 966 717 quod
986 678 1177 719 susceptos
1204 674 1299 708 intra
1314 683 1350 708 se
1372 680 1535 709 nontam

145 731 337 766 clauderet
354 741 464 776 quain
482 737 672 777 portaret,
692 732 793 777 quod
809 743 879 767 non
899 737 970 766 tam
990 732 1201 777 pluviarum
1224 732 1363 768 imbros
1378 733 1534 778 repelle-

144 796 222 833 ret,
242 799 352 835 quam
373 790 551 835 naufragii
572 790 754 836 procellas
778 791 950 825 arceret?
969 790 1081 833 Quis,
1099 791 1272 836 inquam,
1302 802 1344 826 cx
1374 791 1532 837 hospitio

143 858 217 884 non
233 848 553 884 animadverteret
567 849 776 896 periculum
795 849 933 885 homini
944 876 954 893 ,
972 850 1007 884 in
1021 860 1094 895 quo
1109 849 1266 896 hospitio
1276 861 1349 886 non
1367 850 1532 885 habitan-

144 908 233 943 dum
258 914 374 951 esset,
392 908 480 944 sed3
501 909 623 954 potius
643 909 888 952 exulandum,
910 909 947 943 in
964 909 1127 954 qualibet
1150 915 1257 955 parto
1278 910 1406 945 mundi
1425 909 1533 945 sutu-

142 977 228 1003 rum
253 973 349 1003 esset
369 977 456 1003 cum
479 968 568 1015 ipsis
597 967 814 1004 habitaculis
842 968 1212 1014 peregrinandum?
1233 969 1317 1014 Ipse
1346 980 1438 1014 ergo
1460 968 1533 1004 hoc

142 1037 255 1073 opere
284 1027 429 1073 populis
455 1028 707 1073 praedicabat,
734 1034 772 1063 et
802 1027 950 1063 dicebat
981 1027 1074 1062 illud
1102 1028 1358 1071 evangelicum
1386 1027 1534 1064 Domini

141 1085 282 1121 dictum
295 1095 304 1120 τ
318 1098 337 1121 «
353 1084 390 1120 Si
410 1085 499 1121 mihi
513 1096 587 1122 non
607 1086 788 1129 creditis,
804 1086 864 1121 vel
884 1084 1060 1131 operibus
1077 1086 1221 1121 credite
1242 1085 1305 1132 (a).
1326 1099 1344 1119 »

778 1208 1524 1226 umwwwtmwwumvmmwwwvmmmm

687 1287 906 1337 SERMO
935 1291 1003 1338 ΙΙ.

646 1393 690 1429 In
717 1393 949 1439 sexagesima
978 1393 1034 1430 11.

139 1207 421 1225 mmmm
424 1207 562 1226 mm*

622 1487 760 1523 Contra
783 1486 1050 1533 Cupiditatem.

183 1591 268 1629 Non
283 1597 334 1628 est
348 1594 469 1629 sancti
484 1592 702 1640 Auquscini.
720 1593 917 1629 Laudatur
935 1595 1032 1629 enim
1047 1592 1088 1629 S.
1103 1591 1306 1640 Greqorms
1325 1595 1395 1640 qui
1403 1595 1534 1640 floruit

134 1651 251 1687 ‘multo
263 1656 346 1697 post
364 1650 712 1699 Auquslinum;im0
725 1660 760 1689 ec
772 1655 919 1698 ipsemet
934 1653 1182 1698 Auquslinus.
1198 1651 1294 1688 Sunt
1310 1657 1432 1688 autem
1445 1653 1534 1689 hinc

135 1716 169 1747 et
181 1713 268 1747 inde
282 1713 416 1758 soepz'us
434 1723 572 1758 sparsoe
594 1712 642 1747 B.
658 1713 863 1759 Augustini
881 1714 1083 1753 sententiae,
1106 1723 1129 1746 a
1149 1711 1256 1747 Beda
1269 1712 1450 1757 forsitan,
1472 1713 1531 1748 vel

133 1782 157 1807 a
174 1774 306 1819 quovis
326 1773 402 1808 alio
415 1773 600 1809 delibata».
619 1772 784 1808 Eruitur
803 1783 850 1808 em
870 1772 960 1808 Cod.
983 1771 1085 1808 Cass.
1102 1783 1214 1807 cmxix
1226 1798 1235 1812 ,
1255 1772 1321 1817 sol.
1339 1772 1399 1807 79.
1412 1771 1530 1808 Locus

133 1832 214 1880 ejus
226 1834 268 1868 in
286 1831 494 1879 Appendice
510 1837 592 1879 post
607 1833 873 1879 proeceden.tem
896 1842 979 1867 cum
995 1842 1151 1868 numero
1169 1834 1209 1867 in
1219 1830 1462 1878 Seoeayeswna
1488 1840 1534 1868 Π.

702 1938 963 1975 SYNOPSIS.

175 2036 201 2068 Ι.
221 2037 305 2078 Ager
327 2034 488 2078 Ecclesia3
507 2034 618 2069 tribuli
640 2036 767 2069 fructus
791 2035 987 2079 cupiditatis,
1007 2035 1047 2067 11.
1068 2036 1113 2070 Ex
1142 2034 1321 2077 cupiditate
1338 2032 1489 2078 superbia
1508 2060 1518 2076 ,

131 2096 221 2124 etex
246 2092 395 2135 superbia
424 2093 581 2136 cupiditas
604 2093 724 2136 prodit.
744 2094 800 2125 ΙΙΙ.
820 2091 984 2131 Quomodo
1002 2092 1160 2134 cupiditas
1183 2091 1223 2123 sit
1246 2090 1402 2124 idolorum
1421 2091 1522 2123 servi-

130 2152 193 2181 tus.
214 2149 266 2181 lv.
283 2148 446 2192 Cupiditas
471 2148 654 2181 insatiabilis
672 2153 731 2180 est.
759 2150 797 2180 V.
825 2148 965 2180 Primum
987 2147 1161 2195 xvirgultum
1186 2146 1370 2189 cupiditatis
1386 2147 1518 2180 invidia.

130 2205 184 2238 VI.
200 2207 247 2238 Ex
265 2205 444 2248 cupiditate
458 2206 605 2238 oriuntur
624 2205 795 2238 homicidia
815 2208 849 2238 et
865 2205 1008 2237 laesiones
1026 2204 1162 2248 proximi
1181 2215 1255 2236 cum
1272 2204 1432 2246 perjuriis.
1454 2205 1522 2236 VII.

129 2263 176 2294 De
205 2262 413 2305 oppressione
430 2273 607 2306 pauperum
634 2273 692 2305 per
709 2262 911 2304 injustitiam.
934 2263 1018 2293 vm.
1054 2259 1269 2303 oppressores
1299 2271 1473 2303 pauperum
1504 2271 1524 2294 a

128 2320 197 2351 Deo
224 2318 410 2361 puniuntur.
441 2321 497 2352 lx.
530 2322 647 2352 Contra
664 2318 731 2351 illos
757 2318 811 2361 qui
831 2317 991 2359 justitiam
1011 2317 1167 2350 vendunt.
1188 2319 1229 2349 X.
1250 2316 1417 2349 Praemium
1437 2315 1521 2348 illius

128 2376 183 2418 qui
196 2375 355 2417 justitiam
366 2377 434 2408 sine
456 2376 588 2419 proemio
603 2376 720 2409 reddit.
734 2377 791 2408 XI.
806 2377 900 2408 Vanae
911 2374 1077 2407 solvuntur
1090 2373 1319 2406 excusationes.
1344 2375 1416 2406 XII.
1431 2374 1518 2405 Con-

128 2431 263 2464 tinuatio
287 2432 490 2465 solutionum.
513 2433 600 2465 xm.
626 2432 754 2464 Vanitas
779 2431 962 2464 divitiarum
978 2430 1176 2472 ostenditur,
1202 2429 1275 2473 quia
1294 2429 1410 2462 breves
1428 2433 1513 2461 sunt.

174 2521 219 2563 (a)
235 2523 326 2555 Joau.
347 2533 389 2564 x,
412 2523 464 2555 38.

178 2596 187 2612 ¹
211 2590 289 2622 Cod.
312 2589 396 2624 male
423 2601 544 2623 emere.
564 2606 607 2612 —
626 2596 639 2612 ²
665 2590 711 2622 Id.
735 2589 928 2622 haberetur.
945 2605 987 2612 *--
1007 2587 1075 2622 3111
1097 2587 1175 2620 Cod.
1201 2587 1316 2629 legitur
1343 2598 1434 2627 non,
1459 2585 1515 2618 sed

131 2645 284 2678 abundat.
305 2663 345 2669 —-
362 2645 378 2676 l,
406 2646 483 2681 Cod.
504 2645 584 2678 male
598 2647 825 2690 peregrinant.
