1803 3276
302 218 354 255 88
734 229 767 256 s.
807 225 1033 255 Attct's‘rlm
1068 227 1247 255 itmscom

304 311 324 333 »
359 302 450 336 erat
472 292 631 337 clausa.
659 295 714 337 Et
737 293 796 336 ait
818 292 873 336 ad
898 307 964 336 me
995 293 1206 337 Dominus
1233 312 1241 337 :
1277 296 1402 336 Porta
1426 292 1519 337 liaec
1545 291 1687 335 clausa

303 381 325 403 »
359 364 440 408 erit
464 373 507 408 ct
530 380 619 409 non
642 364 880 424 aperietur,
909 373 952 408 et
984 379 1114 409 nemo
1137 365 1289 408 transit
1310 378 1386 423 per
1407 377 1502 406 eam
1520 365 1550 418 ¹,
1585 363 1688 423 quia

303 451 324 474 »
359 434 571 479 Dominus
606 437 719 479 Deus
757 434 888 494 ipsius
928 434 1058 479 Israel
1088 435 1177 494 ipse
1208 434 1387 479 intrabit
1410 448 1488 494 per
1507 448 1626 488 eam,
1645 441 1690 477 et

302 522 324 545 »
359 505 486 559 exiet,
503 513 545 549 et
558 504 792 550 eritclausa
806 507 891 563 (a).
913 503 1102 549 »Redde
1117 505 1224 549 mihi
1241 520 1344 564 ergo
1365 505 1577 549 rationem
1591 518 1689 564 por-

299 585 356 620 toe
378 575 507 636 hujus
531 591 607 636 per
629 591 760 637 quam
790 576 966 620 intravit
996 576 1207 620 Dominus
1233 585 1278 621 et
1306 575 1436 619 exivit
1469 577 1610 630 Deus,
1645 583 1690 620 et

298 660 386 691 non
409 647 566 706 poterit
586 661 664 690 nee
688 647 890 691 introitus
911 646 1203 706 deprehendi,
1229 660 1308 690 nee
1331 645 1484 690 exitus.
1514 665 1534 688 «
1560 648 1688 691 Porta

301 734 322 757 »
358 716 474 760 enim
491 751 502 771 ‚
528 717 696 776 inquit,
715 717 808 761 haec
831 717 912 761 erit
940 716 1084 760 clausa
1101 750 1112 771 ,
1138 724 1182 760 et
1208 731 1298 761 non
1315 716 1559 777 aperietur,
1585 716 1690 777 quia

300 805 321 828 »
357 787 567 832 Dominus
599 789 715 832 Deus
746 787 878 847 ipsius
910 786 1041 832 Israel
1064 787 1154 847 ipse
1176 787 1390 843 introibit,
1417 796 1461 833 et
1480 786 1622 842 exiet,
1646 795 1691 832 et

300 876 321 899 n
356 858 438 903 erit
449 857 608 903 clausa.
626 876 646 900 »
664 857 748 905 Sed
761 866 886 920 porta
902 858 1012 913 haec,
1029 873 1162 919 quam
1179 857 1409 918 allegorice
1424 858 1586 919 posuit,
1605 858 1691 903 sor-

295 928 408 973 sitan
444 927 696 989 simpliciter
731 937 856 989 porta
888 927 1096 974 creditur.
1134 931 1264 974 Porta
1298 928 1400 985 ista,
1424 929 1589 973 ventris
1626 937 1691 973 est

291 1001 446 1062 janua,
483 999 663 1061 pudoris
695 1010 761 1045 est
790 1001 967 1046 ostitim.
1002 1002 1096 1045 Hoc
1122 1001 1240 1045 unde
1268 1001 1538 1061 probamus?
1566 999 1691 1045 Dicat

296 1071 570 1117 beatissimus
596 1071 704 1116 Job:
734 1091 754 1114 «
775 1070 1050 1127 Maledictus,
1070 1072 1230 1133 inquit,
1258 1071 1312 1117 sit
1333 1070 1425 1117 dies
1446 1070 1517 1116 ille
1536 1071 1580 1115 in
1601 1086 1690 1132 quo

299 1160 321 1185 »
356 1151 482 1188 natus
499 1159 595 1188 sum
612 1178 623 1199 ,
644 1143 720 1203 qui
738 1158 828 1188 non
848 1143 1003 1189 elausit
1020 1152 1193 1204 portam
1214 1143 1376 1189 ventris
1389 1143 1538 1188 matris
1555 1157 1688 1199 meae,

297 1231 320 1254 n
355 1228 456 1257 cum
479 1228 550 1258 me
578 1221 751 1273 pareret
772 1212 854 1272 (b).
883 1231 904 1254 »
948 1217 1101 1270 Porta,
1133 1215 1300 1275 inquit,
1331 1214 1495 1258 ventris
1512 1249 1522 1269 ,
1549 1212 1688 1259 exitus

295 1292 359 1328 est
381 1281 559 1343 pudoris
576 1317 587 1338 ‚
613 1283 658 1327 id
688 1292 773 1338 est,
803 1291 957 1328 venter
985 1293 1029 1328 et
1050 1283 1195 1344 pudor
1216 1283 1403 1344 Virginis
1421 1319 1431 1335 ,
1457 1298 1535 1344 per
1557 1297 1690 1344 quam

292 1368 422 1399 nemo
439 1353 548 1398 alius
570 1353 652 1398 nisi
673 1353 764 1413 ipse
787 1353 864 1414 qui
895 1354 1097 1409 intravit,
1124 1363 1167 1399 et
1195 1355 1340 1399 exivit.
1368 1354 1552 1399 Intravit
1574 1354 1690 1400 enim

293 1426 434 1480 Deus,
479 1432 523 1468 et
562 1423 663 1468 exiit
692 1423 825 1469 homo
857 1424 1078 1484 perfectus
1111 1434 1155 1470 et
1190 1440 1280 1470 non
1315 1433 1568 1486 corruptuS,
1609 1439 1690 1471 nee

292 1493 486 1539 clausam
509 1508 603 1540 eam
618 1528 629 1549 ,
660 1509 762 1539 cum
786 1495 966 1541 intraret
988 1529 1000 1551 ,
1034 1496 1205 1556 aperuit
1220 1530 1231 1552 ,
1252 1494 1328 1540 sed
1350 1495 1563 1552 clausam,
1589 1510 1690 1540 cum

293 1566 454 1621 exiret,
495 1565 718 1624 exhibuit,
754 1567 854 1626 quia
877 1566 968 1627 ipse
1002 1576 1066 1612 est
1093 1568 1170 1629 qui
1195 1586 1216 1610 «
1241 1567 1372 1622 Quod
1393 1569 1531 1629 aperit
1559 1582 1691 1613 nemo

295 1654 316 1678 »
352 1636 539 1692 claudit,
564 1646 607 1682 et
624 1635 745 1697 quod
767 1635 957 1693 claudit,
983 1652 1113 1683 nemo
1131 1638 1358 1699 aperit(c).
1380 1656 1401 1679 ³)
1420 1641 1593 1697 Exurge
1611 1638 1691 1698 igi-

294 1717 393 1764 tur,
428 1710 604 1764 Esaias,
635 1708 762 1753 laetus
793 1723 978 1768 exurge,
1004 1719 1048 1754 et
1076 1711 1214 1770 junge
1244 1709 1475 1756 Ezechielo
1508 1725 1687 1767 manus,

298 1788 342 1824 et
364 1779 488 1823 unito
513 1778 676 1841 Spiritu
695 1779 739 1823 in
753 1777 889 1839 gloria
910 1780 1141 1824 dominicae
1157 1780 1402 1825 Nativitatis
1421 1780 1687 1841 applaudite.

295 1849 418 1896 lllico
440 1850 594 1895 beatus
618 1849 757 1895 David
785 1860 986 1897 occurrat
1014 1866 1116 1896 eum
1148 1852 1312 1896 cithara
1338 1850 1439 1908 illa,
1472 1852 1686 1912 spirituali

301 1921 469 1983 plectro
490 1921 734 1977 dulcisona,
759 1931 803 1967 et
822 1923 868 1967 in
885 1931 1156 1968 sacramento
1173 1923 1418 1969 Nativitatis
1445 1924 1606 1971 Christi
1625 1939 1691 1969 re·

293 1992 483 2038 tinniens
505 2007 596 2037 non
620 1991 804 2048 fidibus,
832 1992 910 2039 sed
930 1994 1146 2052 mysteriis
1168 1993 1410 2041 harmonia.
1448 1994 1690 2040 Audiamus

293 2078 398 2123 ergo
410 2062 696 2124 quodEsai'as
712 2064 929 2124 propheta
943 2064 1103 2110 dican:
1133 2083 1165 2109 (ι,
1178 2066 1341 2110 Rorate
1362 2062 1465 2110 coeli
1484 2065 1688 2127 desuper,

295 2154 318 2177 η
353 2144 397 2182 et
420 2136 563 2180 nubes
592 2134 750 2195 pluant
778 2138 980 2193 Justum3
1006 2137 1227 2197 aperiatur
1258 2146 1373 2182 terra
1404 2145 1448 2183 et
1476 2138 1689 2198 germinet

289 2225 310 2249 »
347 2206 621 2253 Salvatorem
638 2206 724 2267 (cl).
746 2226 767 2249 »
785 2210 895 2262 Quae
917 2216 982 2254 est
1004 2210 1140 2254 terra?
1153 2223 1253 2254 earo
1271 2218 1434 2265 nostra,
1459 2225 1560 2270 quae
1581 2225 1687 2256 een-

288 2279 466 2324 sebatur
481 2278 606 2339 virgo
626 2313 638 2334 ,
671 2278 809 2325 Maria
836 2294 937 2341 quae
959 2278 1222 2341 appellatur.
1259 2299 1279 2323 «
1310 2282 1367 2326 Et
1389 2290 1503 2327 terra
1526 2281 1687 2342 germi-

289 2367 311 2392 »
346 2359 423 2396 net
447 2349 718 2396 Salvatorem
734 2367 756 2393 »
780 2365 871 2396 non
895 2360 995 2411 eget
1020 2351 1272 2412 interprete.
1290 2352 1389 2398 Non
1409 2351 1566 2413 utique
1588 2366 1687 2398 ear-

335 2445 383 2488 (a)
397 2444 514 2480 Ezech.
529 2454 618 2490 κων,
642 2456 673 2490 1,
692 2454 725 2480 2.
741 2462 784 2471 -·
800 2445 844 2488 (b)
861 2445 935 2480 Job.
955 2457 1002 2489 m,
1022 2445 1054 2490 3,
1074 2458 1126 2481 ιο.
1140 2463 1184 2472 -
1206 2445 1252 2489 (c)
1266 2449 1367 2491 Apoc.
1383 2458 1430 2491 in,
1449 2457 1527 2491 7.·-
1539 2445 1595 2489 (d)
1612 2446 1682 2481 Isai‘.

293 2512 372 2543 nv,
396 2503 428 2536 8.

341 2565 351 2582 ¹
365 2559 444 2592 Vide
457 2560 642 2593 Sermonem
659 2569 716 2593 cxc
733 2559 774 2593 de
790 2559 1179 2603 AnnuntiationeDomini
1196 2570 1248 2603 ιη,
1263 2564 1341 2594 tom.
1365 2570 1403 2603 v,
1415 2559 1473 2593 fol.
1494 2559 1558 2604 324
1575 2561 1606 2594 in
1621 2562 1685 2604 Ap-

294 2615 431 2656 pendit-e
445 2616 645 2649 Mam-inensi.
664 2631 705 2640 —-
720 2614 823 2650 ’vitto
834 2615 946 2659 Operis
965 2615 1147 2660 imperfecti
1164 2618 1300 2651 contras
1305 2615 1441 2652 ultanum
1455 2616 1509 2651 lib.
1524 2627 1546 2658 ι,
1556 2627 1586 2649 n.
1602 2615 1676 2660 140.
