1803 3276
260 274 338 312 106
687 285 719 312 ε.
758 286 986 314 ΑιόῑετιΝι
1021 288 1202 315 muscom

313 349 643 395 miserabiliores
679 367 828 396 sumus
869 353 1072 397 omnibus
1106 349 1375 398 homiiiibus.
1416 352 1458 397 Si
1497 363 1643 398 autem

257 441 276 462 »
313 422 510 466 Christus
534 423 763 468 resurrexit
789 441 810 468 a
841 425 1046 481 mortuis,
1066 425 1268 485 primitiae,
1300 433 1403 469 sunt
1423 423 1645 469 dormien-

258 512 278 536 »
316 494 440 538 tium.
471 497 581 539 Nam
606 495 708 556 quia
735 511 811 555 per
835 496 1058 541 hominem
1081 512 1218 552 mors,
1245 506 1288 541 ct
1320 512 1398 557 per
1418 496 1643 542 hominem

255 583 276 607 υ
312 567 572 611 resurrectio
610 575 902 612 mortuorum.
935 568 1055 613 Sicut
1091 569 1210 612 enim
1246 568 1292 612 in
1331 566 1474 612 Adam
1495 583 1645 613 omnes

255 655 276 680 υ
311 637 586 693 moriuntur,
611 637 670 682 ita
695 645 738 681 et
765 637 809 681 in
838 638 1011 683 Christo
1040 654 1190 684 omnes
1221 637 1591 698 vivificantium).
1621 654 1642 680 »

251 712 322 755 An
343 709 549 753 meritum
571 709 728 752 animae
755 708 1082 768 praeferendum
1108 711 1249 754 carnis
1279 708 1503 769 fragilitati
1526 708 1645 754 dissi-

252 781 374 826 diff?
398 784 585 825 Rectum
612 779 793 841 quidem
818 780 952 825 habes
982 783 1241 842 justumque
1265 780 1500 842 judicium.
1536 783 1647 827 Nam

249 850 350 897 ideo
374 868 475 897 caro
497 849 586 897 sola
614 851 846 897 resolvitur
867 868 967 913 quae
990 853 1158 912 integra
1181 862 1353 914 poterat
1377 861 1428 897 ut
1456 852 1647 898 animam

249 933 511 981 reservarct3
551 932 602 968 ut
637 923 740 984 quia
776 923 917 985 impar
953 933 1018 969 est
1054 923 1283 980 meritum,
1318 924 1504 985 impares
1536 924 1647 969 εἰηῖ2

250 995 379 1040 etiam
409 995 546 1040 exitus
569 1004 861 1040 mortuorum.
888 996 1086 1057 Denique
1107 1012 1209 1041 cum
1238 995 1464 1042 hominem
1486 993 1649 1041 faceret

250 1069 366 1112 Deus
383 1103 394 1123 ,
420 1065 475 1112 de
515 1067 679 1127 Spiritu
708 1083 786 1112 suo
819 1067 857 1111 ci
882 1068 1073 1112 animam
1096 1067 1312 1126 contulit3
1346 1083 1523 1112 carnem
1545 1083 1649 1112 vero

248 1137 484 1182 solubilem
516 1137 570 1183 de
598 1137 702 1183 limo
726 1148 852 1183 terrae
878 1137 1070 1198 collegit.
1099 1140 1142 1185 Si
1163 1139 1280 1184 enim
1304 1154 1480 1184 carnem
1502 1139 1648 1184 consi-

248 1209 388 1266 deres,
406 1209 515 1271 quid
538 1221 601 1256 est
621 1227 738 1266 caro,
760 1210 842 1255 nisi
861 1210 991 1256 limus
1015 1221 1141 1256 terrae
1164 1209 1417 1267 deformior,
1443 1220 1650 1256 concreto

248 1282 459 1341 sanguine
504 1281 752 1328 coloratus?
785 1282 903 1337 Quid
944 1293 1009 1328 θεῖ
1052 1284 1184 1327 caro?
1220 1282 1428 1327 vitiorum
1466 1292 1646 1339 natura,

247 1353 448 1398 materies
486 1363 531 1398 et
569 1352 689 1412 origo
724 1363 1017 1399 mortuorum.
1056 1353 1099 1399 Si
1131 1369 1236 1399 vero
1270 1354 1479 1399 meritum
1509 1355 1650 1400 carnis

249 1424 463 1480 advertas,
479 1424 588 1486 quid
611 1434 675 1469 θεῖ
697 1427 827 1470 earo?
844 1441 918 1470 vas
931 1425 1112 1484 animae3
1137 1423 1246 1486 quid
1259 1434 1323 1470 θεῖ
1343 1426 1471 1471 caro?
1491 1425 1649 1486 vagina

251 1496 436 1556 Spiritus
454 1496 592 1541 Dei³P
614 1495 725 1557 quid
746 1505 810 1542 θεῖ
827 1498 955 1541 caro?
980 1512 1072 1557 prae
1094 1495 1305 1542 lateribus
1325 1496 1530 1542 omnibus
1551 1513 1650 1558 spe-

247 1569 331 1614 cies
355 1566 410 1612 de
437 1584 521 1630 qua
547 1568 702 1613 merito
731 1568 855 1613 ficret
877 1567 1036 1615 divinae
1060 1567 1317 1614 substantiae
1346 1568 1646 1614 simulacrum.

249 1641 471 1701 Scriptum
494 1649 557 1684 est
579 1640 721 1685 enim:
750 1659 771 1682 «
795 1639 920 1688 Fecit
948 1643 1063 1686 Deus
1084 1640 1311 1685 hominem
1336 1640 1393 1686 ad
1414 1639 1650 1701 imaginem

251 1730 273 1755 »
309 1721 353 1756 et
381 1710 715 1756 similitudinem
745 1728 868 1757 suam
882 1710 964 1773 (b).
993 1731 1014 1755 »
1039 1713 1098 1758 Εῖ
1126 1712 1310 1759 iterum:
1340 1732 1362 1757 «
1386 1713 1510 1758 Fecit
1537 1716 1654 1758 Deus

251 1802 273 1826 »
309 1783 449 1829 Adam
469 1783 524 1828 de
544 1783 651 1829 limo
670 1793 813 1842 terroe,
834 1794 878 1829 θῖ
894 1783 1084 1830 sibilavit
1100 1784 1147 1829 in
1167 1781 1323 1830 faciem
1346 1786 1437 1847 ejus
1451 1785 1654 1846 spiritum

252 1874 275 1899 υ
310 1855 426 1900 vitae.
448 1857 506 1900 Et
529 1854 670 1900 factus
693 1865 759 1901 est
779 1857 914 1902 homo
947 1856 993 1901 in
1023 1857 1214 1902 animam
1238 1857 1460 1903 viventem
1472 1859 1552 1917 (c).
1578 1857 1651 1903 Vi-

253 1944 274 1969 »
305 1935 481 1971 ventem
507 1945 527 1968 »
560 1926 692 1983 dixit,
723 1927 941 1972 victuram
961 1937 1006 1972 et
1026 1938 1125 1989 post
1146 1927 1318 1973 obitum
1333 1964 1344 1985 ‚
1370 1944 1462 1973 non
1483 1938 1535 1973 ut
1556 1928 1653 1973 ani-

248 2013 368 2042 mam
390 1997 635 2057 pecudum,
657 2014 759 2043 cum
780 2014 963 2059 corpore
979 1999 1235 2060 perituram.
1261 1998 1456 2045 Pecudes
1480 2009 1649 2057 autem,

248 2077 301 2114 ut
322 2067 427 2114 viles
451 2078 575 2126 sunt,
605 2070 665 2115 ita
687 2085 757 2115 eas
784 2086 875 2115 non
900 2069 1025 2128 fecit,
1051 2070 1128 2116 sed
1145 2070 1275 2132 jussit
1295 2070 1350 2116 de
1373 2080 1488 2116 terra
1508 2063 1654 2117 viliter

249 2141 390 2200 nasci3
410 2141 522 2186 sicut
536 2143 747 2203 scriptum
765 2152 829 2187 θεῖ
847 2162 855 2188 :
886 2162 906 2186 «
931 2146 988 2188 Et
1007 2141 1115 2188 dixit
1133 2147 1272 2189 Deus:
1294 2141 1514 2189 Producat
1538 2153 1652 2189 terra

253 2231 275 2254 >›
311 2212 534 2269 animalia,
564 2222 607 2258 et
630 2212 796 2259 factum
821 2223 886 2259 est
906 2214 965 2260 sic
976 2212 1062 2274 (d).
1086 2233 1106 2256 »
1130 2213 1322 2261 Adverte
1339 2215 1470 2274 igitur
1491 2216 1648 2272 homo,

250 2285 374 2345 cujus
408 2284 464 2330 sis
497 2284 656 2331 meriti.
690 2288 749 2331 Te
779 2285 992 2332 Dominus
1024 2288 1140 2332 Deus
1172 2301 1307 2332 manu
1339 2302 1415 2332 sua
1448 2284 1504 2332 de
1540 2296 1651 2333 terra

259 370 266 390 )

298 2420 344 2464 (a)
362 2433 373 2455 1
391 2424 463 2455 Cor.
485 2433 546 2465 xv,
574 2422 685 2456 13·22.
713 2438 747 2446 -·
772 2421 815 2464 (h)
829 2421 908 2456 Gen.
934 2433 965 2466 1,
985 2421 1047 2466 26,
1067 2431 1122 2467 27.
1139 2439 1181 2447 -·
1207 2422 1251 2465 (c)
1272 2421 1320 2457 Id.
1341 2435 1381 2465 n,
1406 2434 1437 2467 7.
1454 2440 1496 2448 —
1520 2422 1573 2466 (cl)
1600 2423 1647 2457 Id.

257 2489 270 2511 1
284 2504 293 2520 ,
315 2477 370 2521 24.

300 2552 310 2570 ¹
323 2546 431 2579 Codex
446 2546 613 2579 evidenter
629 2551 800 2590 corruptus
822 2559 829 2579 :
859 2549 914 2581 An
937 2547 1092 2580 meritum
1111 2547 1259 2581 animam
1275 2546 1513 2593 praefirendae
1530 2548 1651 2581 carnis

237 2601 454 2646 fi·‹1gt'li'tacc's
472 2600 630 2647 diffidis?
654 2602 763 2635 videat
783 2603 887 2636 lector
911 2604 1091 2645 corrigendi
1112 2604 1286 2646 rationem,
1303 2608 1335 2637 et
1356 2604 1491 2645 judicet.
1510 2615 1552 2628 -·-—
1573 2604 1646 2637 ²111.

252 2658 332 2691 male
351 2657 421 2690 secl.
442 2675 481 2681 --
509 2657 607 2689 'Him-
625 2662 727 2692 Serui.
745 2671 825 2701 xilv,
852 2671 882 2692 n.
905 2671 960 2701 zu,
978 2664 1010 2693 et
1023 2671 1166 2694 ccxxxvn
1179 2685 1187 2701 ,
1203 2672 1233 2693 n.
1254 2670 1284 2693 2.
