1803 3276
386 205 525 234 semro
556 205 672 233 xLiv.
709 208 749 233 m
786 207 857 234 DIE
890 209 1172 238 PENTECOSTES
1205 211 1250 238 11.
1428 203 1513 241 239

119 271 327 317 mundus.
361 271 446 317 Sed
467 271 590 332 quasi
612 270 807 316 denario¹
834 289 857 316 a
879 283 1069 333 quatuor
1096 276 1347 321 cardinibus
1376 293 1514 323 sacra-

71 371 80 376 <
120 354 270 389 mento
286 342 497 404 perfecto,
517 342 649 388 vicini
671 341 775 387 facti
795 360 944 389 sumus
957 345 1071 390 coelo
1086 356 1129 390 et
1149 348 1326 407 Spiritui
1344 359 1508 405 sancto,

119 424 170 459 ut
182 425 361 475 propter
383 414 771 460 sanctificationem
790 416 982 471 orientis,
1005 417 1258 473 occidentis,
1277 420 1508 480 aquilonis,

119 496 163 531 et
198 487 358 532 austri²
404 495 578 531 sanctus
618 486 803 546 Spiritus
827 487 1188 548 quinquagesimo
1231 490 1513 536 descenderet

119 558 206 615 die,
224 559 475 620 linguarum
483 558 728 604 coelestium
741 559 923 604 rutilans
936 560 1062 619 ignca
1077 561 1304 606 sanctitate
1316 583 1326 620 3
1337 563 1411 607 sed
1422 563 1512 623 ipsc

119 629 231 689 ignis
250 631 453 691 purgavit
474 629 618 690 potius
630 645 765 690 quam
781 631 1023 687 cremavitss,
1045 642 1089 676 et
1110 648 1239 692 super
1259 631 1428 691 linguas
1446 649 1514 677 re—

68 721 77 727 *
118 698 294 760 frigerio
329 701 685 746 sanctificationis
718 701 894 757 insedit,
920 703 1023 763 quia
1045 703 1134 764 ipse
1152 704 1349 749 flammas
1371 704 1416 749 in
1438 720 1512 749 ca-

118 772 240 818 mino
255 773 463 818 restinxit.
489 773 622 819 Novit
646 773 830 834 Spiritus
851 783 1025 818 sanctus
1039 775 1187 834 ignem
1209 774 1354 820 facere
1376 791 1515 820 amoe-

117 845 332 906 num,qui
351 843 540 890 reddidit
557 854 829 890 amoenatum
859 855 1033 890 rorante
1063 846 1241 890 flamma
1272 847 1509 892 caminum.

117 915 314 963 Delectat
336 917 562 963 attendere
589 917 705 962 labia
726 917 1055 978 Apostolorum,
1076 916 1265 962 delcetat
1289 918 1514 963 attendere

117 987 250 1034 etiam
261 1005 337 1034 ora
357 989 563 1034 stillantia
585 991 826 1034 Puerorum
844 1009 856 1047 3
880 988 1030 1047 igneas
1047 988 1284 1048 utrobique
1306 988 1408 1034 fecit
1429 989 1516 1034 lin-

117 1073 238 1117 guas,
250 1069 294 1105 et
305 1075 436 1120 super
455 1059 705 1121 Apostolos,
718 1068 761 1103 et
774 1075 904 1119 super
923 1062 1100 1103 Pueros.
1120 1062 1217 1119 Ipse
1228 1068 1292 1104 est
1304 1059 1418 1105 enirn
1438 1060 1515 1120 qui

115 1130 402 1177 sanctificavit
423 1140 567 1192 patres
581 1166 592 1187 ,
613 1140 657 1176 et
678 1130 805 1175 nobis
828 1129 999 1189 linguas
1025 1129 1133 1175 fecit
1167 1129 1292 1192 loqui
1320 1130 1514 1176 coelestia

115 1203 416 1263 piscatorum4.
433 1204 538 1257 Quis
555 1219 645 1248 non
660 1202 830 1263 stupuit
851 1202 905 1246 ad
928 1218 1002 1247 ora
1026 1206 1267 1248 Puerorum
1305 1202 1512 1247 deambu-

116 1274 303 1320 lantium
314 1275 361 1320 in
374 1275 527 1336 plateis
551 1276 844 1332 flammarum,
862 1291 963 1320 cum
975 1274 1171 1319 dicerent
1188 1295 1196 1320 :
1213 1295 1233 1318 «
1251 1275 1514 1319 Benedictus

119 1364 140 1387 >›
175 1363 236 1402 es,
256 1347 443 1392 Domine
465 1351 580 1392 Deus
615 1358 791 1408 patrum
826 1358 1075 1393 nostrorum
1090 1350 1175 1407 (a).
1194 1367 1214 1389 n
1239 1350 1514 1407 Stupuerunt

116 1418 302 1463 attonita
323 1419 575 1463 mirantium
597 1417 714 1463 labia
728 1418 1038 1464 Chaldaeorum
1053 1429 1096 1463 et
1118 1435 1280 1478 organa
1298 1419 1514 1463 innocen-

115 1489 229 1533 tium
243 1489 418 1534 insolito
431 1489 564 1534 modo
581 1490 869 1535 cantantium.
889 1490 1059 1535 Persica
1076 1500 1238 1551 pontus
1252 1490 1518 1535 contremuit

115 1559 214 1606 illos
234 1562 349 1606 inter
361 1561 472 1620 ignis
487 1563 502 1588 ⁵
520 1561 716 1606 lucentes
737 1571 780 1606 et
798 1560 1002 1606 ludentes
1024 1563 1231 1622 spatium,
1257 1571 1389 1623 atque
1412 1562 1516 1606 bar-

116 1631 274 1678 baricis
295 1632 602 1694 conspectibus
639 1632 845 1678 facientes
874 1636 1022 1678 Persas
1047 1633 1294 1689 attendere,
1316 1643 1359 1678 et
1381 1648 1517 1678 novos

117 1703 307 1762 hymnos
336 1698 509 1763 audire,
537 1705 649 1750 sicut
680 1704 813 1750 modo
841 1703 1089 1749 delectabat
1119 1704 1428 1750 convenientes
1464 1720 1517 1748 ex

118 1777 239 1821 omni
279 1776 442 1822 saeculo
480 1777 679 1822 nationes
716 1775 1031 1836 Apostolorum
1063 1775 1234 1834 linguas
1263 1777 1488 1821 attendere
1503 1811 1514 1831 ,

118 1863 269 1893 omnes
283 1864 360 1893 sua
379 1847 495 1893 labia
521 1856 908 1907 recognoscentes,
940 1848 1044 1908 quia
1068 1848 1250 1907 Spiritus
1272 1857 1446 1892 sanctus
1463 1846 1518 1891 de

119 1919 298 1966 diversis
313 1921 436 1966 novit
466 1920 609 1965 facere
632 1920 885 1964 unitatemfl.
918 1919 1188 1963 Attendebat
1216 1919 1519 1980 unusquisque

118 1989 288 2050 linguas
321 1991 518 2052 proprias
545 2000 876 2049 cognoscenteS‚
904 1999 947 2035 et
970 1988 1203 2050 Apostolos
1227 1999 1322 2036 toto
1357 1989 1518 2035 saeculo

120 2062 450 2109 concordantes.

180 2138 240 2180 ΙΙ.
275 2135 519 2196 Oportebat
541 2134 658 2179 enim
684 2135 793 2189 eos⁷,
820 2132 897 2195 qui
918 2133 1020 2177 totis
1042 2131 1218 2178 fuerant
1237 2132 1517 2193 praedicaturi

121 2207 326 2268 gentibus
348 2223 561 2267 regnum,
598 2206 799 2254 omnium
829 2205 1001 2264 linguas
1033 2205 1224 2266 gaudere
1252 2204 1394 2251 facere
1435 2221 1517 2251 na-

168 2341 213 2384 (α)
236 2341 359 2376 Daniel.
383 2352 435 2384 m,
458 2339 513 2374 26.

171 2428 184 2446 ¹
199 2422 278 2455 Vide
296 2424 398 2455 Serm.
414 2431 527 2463 ceux,
549 2430 582 2452 n.
600 2418 636 2453 6.
651 2436 694 2442 -
721 2419 790 2452 ²Id.
810 2429 930 2460 cctxvi,
953 2430 987 2450 n.
1007 2418 1040 2451 6.
1060 2435 1103 2441 —
1129 2416 1339 2460 31d.chx1x,
1363 2429 1395 2451 n.
1426 2429 1454 2450 1.
1475 2434 1518 2440 —

124 2476 140 2509 4
153 2478 262 2511 Codex
277 2478 361 2511 male
374 2479 579 2523 piscatores.
603 2493 638 2498 -—-
657 2473 674 2498 5
688 2475 734 2508 Id.
752 2475 891 2519 persica
914 2486 985 2519 pon
1005 2472 1076 2515 (sic)
1095 2474 1308 2507 contremuit.
1330 2474 1416 2507 Illos
1429 2474 1522 2506 inter

124 2534 201 2579 igne
218 2534 369 2568 lucentes
387 2541 421 2567 et
438 2531 594 2566 ludentes
611 2531 780 2577 spatium,
800 2542 890 2576 quoe.
918 2547 959 2552 —
984 2527 999 2552 6
1011 2533 1057 2563 De
1075 2530 1197 2563 unitate
1218 2529 1292 2564 vide
1310 2541 1420 2563 omnes
1443 2532 1516 2563 Ser-

130 2600 240 2624 mones
254 2590 286 2623 in
301 2592 506 2624 Pentecoste.
526 2604 568 2612 —
593 2594 608 2622 7
623 2587 731 2621 Codex
754 2586 838 2619 male
857 2593 894 2618 ιιι
911 2586 980 2631 qui.
