1803 3276
110 318 228 427 S.
271 316 608 425 AUR.
653 315 1469 427 AUGUSTINI

500 523 847 568 HIPPONENSIS
874 523 1106 567 EPISCOPI

398 675 807 727 SERMONES
869 675 1196 727 INEDITI.

724 858 870 871 v*—

595 1018 998 1080 SERMONES

505 1163 589 1210 DE
651 1164 1082 1211 SCRIPTURA.

100 1333 852 1355 mmmmmmmmmwm
854 1334 1495 1356 mmmmmmmmmm

644 1500 866 1554 SERMO
901 1503 941 1552 I.

354 1638 418 1686 De
433 1636 552 1701 ligno
576 1636 888 1700 dignoscentiae
910 1636 1018 1686 boni
1039 1645 1084 1686 et
1103 1636 1225 1687 mali.

152 1776 258 1827 ,Hic
272 1792 430 1828 sermo
450 1778 656 1843 rejectus
679 1786 751 1828 est
773 1780 822 1827 in
843 1776 1164 1843 appendicem
1182 1793 1216 1826 a
1231 1777 1493 1839 Maur-inis,

95 1852 220 1900 sicut
239 1860 287 1899 et
305 1867 526 1913 sequens,
550 1853 622 1900 ita
652 1861 705 1900 ut
720 1868 785 1899 ez·
805 1850 991 1900 duobus
1008 1853 1238 1916 unusfiat
1254 1851 1304 1899 in
1321 1849 1460 1900 editis
1473 1887 1492 1911 ,

97 1932 145 1972 et
164 1921 357 1984 quidem
373 1939 650 1987 perperam.
681 1922 803 1972 Sola
829 1921 1089 1971 dubitandi
1118 1924 1245 1972 ratio
1269 1925 1494 1981 occurrit,

96 1992 230 2056 quod
261 1995 311 2042 in
341 1992 507 2042 codice
544 1993 828 2042 Cor-beiensi
843 2003 976 2041 extet
998 1994 1102 2041 sine
1129 1996 1350 2053 nomine,
1385 2002 1433 2042 et
1461 2009 1497 2041 a

96 2062 388 2127 quibusdam
403 2065 568 2130 fuerit
584 2066 636 2113 S.
650 2064 914 2115 Ambrosio
930 2067 1194 2128 ascriptus,
1215 2062 1388 2125 quibus
1406 2081 1496 2129 ego

98 2134 366 2184 rationibus
381 2152 460 2185 me
485 2137 680 2184 minime
696 2138 877 2184 moveri
897 2135 1206 2185 libentissime
1211 2135 1407 2201 fateor.
1430 2135 1495 2184 In

97 2206 339 2268 aliquibus
350 2209 478 2256 enim
495 2205 734 2256 veteribus
751 2205 884 2255 libris
903 2209 1141 2256 contineri
1159 2216 1206 2255 et
1226 2207 1321 2269 ipsi
1339 2205 1496 2255 incla-

97 2287 235 2325 mant
255 2278 505 2337 Maurini;
523 2279 640 2339 quin
666 2286 714 2325 et
735 2287 830 2325 tres
851 2294 980 2327 nunc
1002 2279 1195 2336 inventi,
1216 2276 1310 2324 illis
1333 2287 1496 2326 autem

96 2347 311 2397 nondum
341 2351 548 2413 cogniti,
581 2359 840 2396 occurrunt
859 2347 1068 2406 codices,
1101 2349 1186 2409 qui
1213 2350 1375 2396 sancti
1385 2349 1497 2397 Au·-

94 2421 280 2485 gustini
283 2419 470 2484 foetum
493 2421 620 2467 hunc
642 2435 744 2468 esse
767 2430 1019 2467 testantur.
1049 2419 1252 2484 Legitur
1284 2422 1411 2468 enim
1445 2420 1496 2467 in

99 2490 284 2538 duobus
320 2490 565 2539 codicibus
610 2491 967 2539 cassinensibus
981 2528 992 2550 ,
1035 2508 1208 2553 nempe
1243 2489 1351 2540 cod.
1386 2511 1493 2552 (2111,

92 2559 188 2626 fol.
213 2568 317 2620 206,
339 2570 386 2608 et
400 2561 507 2610 cod.
526 2562 725 2629 cv1,fi)l.
748 2569 857 2621 350,·
878 2573 926 2610 et
945 2562 1137 2625 quidem
1161 2579 1271 2610 cum
1302 2564 1496 2610 nomine

102 2631 234 2681 beati
261 2632 503 2685 Doctoris.
534 2632 715 2685 Eidem
747 2634 942 2697 pariter
980 2632 1206 2689 tribuitur
1239 2635 1289 2684 in
1326 2631 1495 2683 biblio-
