1803 3276
320 275 460 306 sEnMo
492 278 617 306 me.
654 279 700 306 IN
732 280 805 306 DIE
836 276 1118 307 PENTECOSTES
1150 281 1181 307 1.
1363 270 1448 311 235

56 357 153 389 sum
175 352 388 388 nostrum.
415 344 565 398 Unde,
590 331 880 400 Dilectissimi,
907 360 960 388 ex
980 343 1106 388 nobis
1126 346 1139 371 1
1163 346 1240 406 qui
1262 346 1307 390 in
1329 362 1450 407 pros-

56 415 168 477 peris
199 417 413 476 sapienter
445 424 488 459 et
515 416 699 460 firmiter
730 415 1028 471 aedificaverit,
1061 416 1107 460 in
1130 416 1318 462 adversis
1359 435 1450 464 non

55 496 227 532 tantum
244 486 423 541 fortior,
448 485 524 530 sed
541 495 584 530 et
607 485 873 532 laudabilior
886 487 1108 532 invenitur
1124 523 1135 544 ‚
1161 489 1265 549 quia
1292 509 1312 532 «
1338 492 1451 535 Cum

59 576 80 601 »
114 558 323 619 probatus
343 556 476 602 fuerit
493 558 676 618 accipiet
696 574 903 604 coronam
925 559 1028 603 vitce
1044 594 1055 615 ‚
1080 576 1214 620 quam
1237 561 1452 620 repromi-

60 648 80 672 >›
115 629 170 674 sit
187 633 302 674 Deus
323 627 606 687 diligentibus
629 644 673 674 se
695 633 776 688 (α).
810 648 831 672 ))
860 633 971 676 Nam
993 646 1123 691 super
1147 647 1322 676 arenam
1351 648 1452 693 quae

57 710 121 746 est
140 701 296 746 domus
317 700 545 757 palmeam,
564 702 609 746 hi
627 712 731 747 sunt
745 738 756 759 ,
779 703 855 764 qui
878 712 954 747 aut
970 702 1102 748 dubia
1125 703 1212 748 fide
1234 713 1352 760 sunt,
1378 713 1454 748 aut

58 773 188 818 etiam
201 781 303 818 sunt
319 771 529 828 haeretici,
551 782 627 818 aut
639 773 736 818 salsi
749 774 985 830 christiani,
1009 784 1084 819 aut
1097 791 1186 820 non
1200 775 1453 820 custodien-

57 853 121 889 tes
141 843 415 905 propositum
439 845 722 890 continentiae
742 845 812 891 vel
829 845 1056 902 castitatiS,
1074 856 1118 891 et
1139 847 1260 891 aliud
1282 856 1384 891 sunt
1407 847 1454 890 in

58 915 232 962 occulto
245 952 255 972 ,
273 913 394 960 aliud
415 932 563 965 coram
583 918 852 963 hominibus.
879 921 936 963 Et
957 919 1059 979 quia
1083 934 1252 978 semper
1273 918 1455 963 fuerunt

58 987 257 1044 mobiles,
271 988 384 1034 sicut
396 1005 543 1045 arena,
557 1004 657 1033 cum
669 989 838 1033 venerit
850 997 1080 1049 tempestas
1090 1024 1101 1044 ,
1113 988 1314 1033 funditus
1329 1005 1454 1034 ever-

57 1067 223 1114 tentur,
248 1059 351 1120 quia
371 1069 484 1105 stare
501 1075 591 1104 non
603 1068 860 1119 potuerunt,
872 1069 946 1104 et«
961 1060 1057 1104 Fiet
1074 1059 1198 1105 ruina
1212 1060 1368 1104 animae
1387 1075 1457 1104 eo-

63 1152 81 1174 »
99 1146 198 1176 rum
209 1147 368 1192 magna
376 1131 480 1193 (b)‘².
491 1131 958 1189 »Unde‚Dilectissimi‚
972 1131 1194 1192 vigilando
1210 1129 1308 1176 satis
1324 1148 1457 1191 agen-

59 1201 167 1247 dum
183 1212 227 1248 et
243 1202 539 1249 laborandum
562 1212 650 1259 est,
675 1202 917 1249 dummodo
938 1219 1016 1264 per
1035 1203 1259 1249 Christum
1278 1202 1455 1248 adversa

58 1291 334 1337 superemus,
359 1287 403 1323 et
420 1287 583 1323 aeterna
595 1292 802 1337 prospera
824 1292 1144 1338 consequamur
1162 1295 1171 1321 ε
1187 1275 1263 1337 qui
1284 1275 1393 1321 vivit
1413 1284 1457 1320 et

59 1358 214 1408 regnat
244 1365 345 1394 cum
367 1352 494 1394 Patre
519 1352 660 1404 Deus,
696 1348 743 1393 in
772 1348 941 1394 unitate
979 1348 1163 1410 Spiritus
1211 1347 1347 1394 saneti
1378 1363 1456 1408 per

59 1421 206 1467 omnia
221 1421 387 1483 saecula
403 1421 683 1468 saeculorum.
709 1422 866 1466 Amen.

66 1578 420 1599 MMMWUWWMW
424 1578 1457 1597 mmmmmnmmmwmwwmwmmmmw

531 1714 756 1766 SERMO
793 1715 988 1765 XLIII.

492 1862 547 1906 In
576 1861 650 1906 Die
681 1864 962 1907 Pentecostes
994 1861 1031 1905 Ῑ.

120 1996 323 2061 Legitur
347 1997 398 2042 in
433 1993 553 2042 Cod.
589 1996 729 2042 Cass.
764 2015 857 2053 ενι,
882 1995 984 2062 fol.
1007 2003 1114 2053 222,
1138 2011 1249 2042 cum
1264 1997 1455 2042 nomine

62 2070 224 2115 sancti
251 2068 481 2115 Doctorz's
491 2088 514 2124 ,·
542 2066 666 2112 nihil
678 2070 886 2113 occurrit
902 2066 1036 2127 quod
1053 2065 1249 2112 dubium
1271 2066 1452 2131 afferre

62 2139 301 2187 videatur.
327 2141 556 2188 Ponatur
579 2149 691 2199 post
727 2140 1009 2187 Sermonem
1030 2157 1199 2196 ccum,
1225 2155 1335 2186 cum
1364 2156 1452 2185 nu-

63 2228 196 2258 mero
231 2211 281 2257 in
314 2209 393 2257 die
414 2211 727 2258 Pentecostes
758 2230 821 2258 v1.

111 2345 158 2388 (a)
178 2348 248 2380 Jac.
273 2358 304 2389 1,
325 2355 378 2379 12.
403 2361 448 2369 —-
468 2344 512 2387 (b)
530 2345 646 2378 Matth.
665 2356 734 2389 vn,
760 2354 816 2389 27.

114 2420 124 2437 ¹
136 2416 173 2448 In
191 2414 314 2447 duobus
329 2413 501 2447 Codicibus
518 2425 582 2446 non
601 2413 718 2456 legitur
734 2425 801 2453 ex,
829 2413 914 2458 quod
942 2413 1068 2447 videtur
1089 2410 1270 2445 necessario
1294 2410 1452 2454 suppleu-

66 2471 153 2506 dum.
177 2488 219 2495 —
242 2475 338 2506 ²Duo
359 2470 442 2505 male
458 2470 583 2505 habent
598 2481 746 2521 niagnoe.
