1803 3276
505 347 643 375 senno
677 347 799 374 xxm.
837 347 891 374 niz
925 346 1079 373 »Aseni
1114 348 1172 372 vr.
1450 338 1529 375 163

143 418 209 456 est
229 410 384 457 mentis
397 410 701 466 somnolentia,
717 420 857 457 morte
873 409 1077 466 discussa,
1103 425 1158 454 ne
1173 411 1269 471 quis
1290 427 1391 457 cum
1413 432 1432 454 «
1450 416 1534 458 Ve-

147 498 170 521 »
204 489 295 527 tera
310 480 594 537 transierunt,
615 490 657 526 et
675 479 787 528 facta
809 491 912 526 sunt
931 481 1076 526 omnia
1099 496 1212 527 nova
1227 484 1319 540 (a),
1343 501 1362 523 n
1380 483 1470 544 ipse
1488 484 1534 529 in

142 551 471 600 conversatione
501 552 727 598 vetustatis
763 562 1030 613 permaneat.
1077 552 1175 597 Fiat
1200 567 1301 611 ergo
1333 552 1379 598 id
1410 554 1531 615 quod

141 621 376 685 Apostolus
397 623 479 679 ait,
505 633 731 685 propterea
754 635 979 671 mortuum
1001 640 1091 670 esse
1111 627 1262 670 Jesum
1289 625 1529 682 Christum,

144 713 167 737 ι(
202 696 260 743 Ut
279 694 358 756 qui
373 695 544 752 vivunt,
565 698 657 758 jam
674 713 764 743 non
785 697 867 743 sibi
888 699 1064 755 vivant,
1089 697 1167 744 scd
1188 698 1226 743 ei
1247 698 1324 760 qui
1340 714 1421 760 pro
1433 699 1536 760 ipsis

143 784 167 808 ιι
199 770 400 813 mortuus
421 777 487 814 est
507 778 551 814 et
568 770 798 816 resurrexit
817 769 901 829 (b).
931 788 951 813 »

199 840 257 884 X.
294 857 317 884 «
342 839 424 885 Hic
437 849 501 886 est
516 841 650 901 igitur
663 842 753 886 dies
766 842 1022 904 quemfecit
1041 841 1252 887 Dominus
1261 845 1318 898 (c)
1329 877 1340 898 ,
1355 860 1375 884 »
1400 858 1536 904 quem

140 918 391 956 sanctorum
429 910 578 971 gloriae
599 913 837 974 reparavit,
871 914 918 958 in
940 928 1051 974 quo,
1076 911 1185 957 dum
1217 913 1535 973 primogenitus

137 997 192 1027 ex
212 982 395 1028 mortuis
416 986 543 1030 Jesus
563 986 759 1031 Christus
782 985 972 1044 exurgit,
997 1000 1170 1046 sperare
1198 984 1439 1030 Ecclesiam
1467 983 1535 1030 sui

140 1053 332 1114 corporis
347 1053 500 1115 jubet,
519 1056 640 1117 quod
669 1056 716 1100 in
748 1056 889 1116 capite
911 1071 990 1102 suo
1019 1056 1257 1101 confitetur
1284 1055 1532 1116 impletum.

140 1123 259 1171 Audi
279 1124 556 1186 Apostolum,
576 1126 712 1188 quiin
733 1143 778 1172 se
800 1126 1023 1173 Christum
1038 1126 1160 1188 loqui
1182 1125 1315 1173 dicit:
1335 1146 1356 1170 «
1376 1130 1429 1173 In
1440 1142 1538 1172 mo·-

144 1213 166 1243 ὶ)
200 1206 374 1254 mento,
397 1197 564 1261 inquit,
589 1199 637 1244 in
657 1199 750 1245 ictu
771 1198 888 1246 oculi
905 1235 917 1256 ,
939 1200 986 1244 in
998 1199 1231 1245 novissima
1252 1199 1383 1256 tuba,
1408 1208 1538 1245 canet

144 1286 168 1311 »
200 1268 319 1314 enim
339 1269 474 1316 tuba²
489 1307 502 1327 ,
527 1280 573 1316 et
584 1271 748 1317 mortui
761 1280 989 1332 resurgent
1004 1271 1274 1332 incorrupti,
1293 1281 1337 1316 et
1353 1287 1432 1317 nos
1449 1271 1537 1316 im·-

144 1358 169 1383 »
200 1341 472 1388 mutabimur
485 1345 571 1403 (d).
593 1362 614 1386 ))
639 1346 957 1389 Verumtamen
970 1352 1109 1389 totam
1130 1343 1217 1387 diei
1237 1342 1351 1388 illius
1368 1343 1540 1403 magni-

141 1413 389 1472 ficentiam,
413 1415 501 1460 diei
523 1416 656 1478 hujus
688 1415 969 1477 crepuscula,
1000 1424 1254 1474 resurgente
1283 1415 1457 1461 Christo
1481 1415 1538 1461 il-

140 1483 344 1543 lustrata,
369 1496 648 1547 pepererunt.
676 1491 726 1532 In
755 1487 831 1533 illo
854 1496 1013 1533 nostrae
1036 1486 1365 1531 resurrectionis
1389 1495 1534 1543 actus,

141 1555 189 1601 in
203 1557 286 1603 isto
302 1573 431 1603 causa
452 1559 663 1604 consistit.
685 1558 767 1604 Hic
789 1559 952 1604 semina
975 1559 1158 1603 istorum
1179 1555 1405 1602 fructuum
1428 1573 1540 1603 con-

140 1627 353 1674 tinentur.
370 1633 434 1675 De
446 1630 576 1691 hujus
588 1629 676 1676 diei
691 1630 907 1676 matutina
926 1628 1063 1690 gloria
1076 1628 1159 1674 sub
1177 1643 1362 1689 persona
1376 1627 1542 1674 Christi

141 1701 361 1761 Propheta
397 1702 590 1748 cantavit
613 1721 623 1748 :
658 1721 679 1746 «
702 1705 797 1762 Ego
820 1701 1007 1747 dormivi
1031 1710 1075 1746 et
1109 1715 1313 1745 somnum
1346 1700 1470 1760 cepi,
1496 1708 1541 1745 et

144 1789 166 1812 »
200 1772 411 1829 exurrexi,
427 1773 531 1835 quia
543 1774 756 1819 Dominus
769 1773 958 1834 suscepit
976 1787 1046 1818 me
1060 1774 1142 1831 (e).
1162 1774 1258 1831 Ego
1282 1770 1485 1828 dormivi,
1514 1789 1536 1813 »

140 1841 310 1904 inquit,
334 1852 386 1888 ut
413 1843 742 1906 dispositionem
774 1843 993 1906 propriae,
1020 1859 1114 1888 non
1147 1843 1237 1888 vim
1271 1842 1425 1887 alienae
1458 1858 1540 1888 vo-

139 1912 319 1960 luntatis
347 1915 585 1960 ostendisse
617 1915 835 1962 videatur.
858 1917 956 1961 Hoc
987 1924 1052 1960 est
1074 1912 1195 1975 quod
1223 1913 1270 1957 in
1298 1913 1539 1973 Evangelio

141 1984 285 2030 verbis
306 1985 441 2046 ipsius
461 1986 637 2031 Domini
659 1986 909 2031 continetur
935 2005 944 2030 :
974 2004 995 2027 «
1015 1988 1278 2030 Potestatem
1299 1983 1443 2028 habeo
1464 2000 1542 2044 po-

145 2073 166 2097 »
201 2055 337 2101 nendi
371 2057 560 2101 animam
581 2071 746 2111 meam,
772 2066 816 2101 et
835 2065 1097 2118 potestatem
1118 2054 1262 2099 habeo
1284 2054 1444 2100 iterum
1467 2071 1542 2100 su-

144 2143 167 2168 »
201 2126 352 2177 mendi
380 2142 476 2172 eam
505 2126 609 2192 (f).
639 2146 660 2169 »
685 2131 749 2173 De
765 2118 897 2189 ‚hujus
923 2142 1100 2189 quoque
1122 2125 1338 2175 matutina
1361 2125 1536 2183 laetitia,

143 2196 247 2242 alibi
275 2197 486 2259 scriptum
515 2206 580 2243 est
599 2216 610 2247 ;
639 2217 660 2241 «
685 2201 781 2243 Lux
802 2207 896 2243 orta
930 2208 994 2243 est
1011 2197 1166 2258 justis,
1193 2205 1237 2241 et
1258 2197 1385 2242 rectis
1408 2197 1541 2242 corde

147 2286 168 2312 »
202 2268 354 2314 laetitia
374 2269 466 2332 (g).
491 2270 744 2327 Laetamini,
769 2270 905 2325 Justi,
928 2270 975 2314 in
1001 2269 1189 2314 Domino
1210 2266 1296 2328 (h).
1324 2285 1345 2310 n
1371 2271 1429 2314 Et
1449 2269 1535 2315 ite-

141 2356 244 2386 rum
270 2361 280 2387 ε
316 2360 337 2385 «
365 2334 581 2387 Eiialtabo
610 2357 741 2387 mane
770 2340 986 2387 mirabilia
1010 2350 1085 2386 tua
1103 2376 1113 2396 ,
1140 2340 1243 2400 quia
1277 2348 1327 2383 tu
1343 2375 1354 2396 ,
1390 2343 1534 2398 Deus,

142 2420 169 2453 ὐ
203 2421 428 2474 susceptor
441 2427 566 2458 meus
586 2427 629 2457 es
647 2414 664 2472 (
675 2413 730 2470 ι’).
759 2430 780 2455 »
800 2415 859 2460 Et
880 2411 983 2457 alibi
1010 2431 1018 2456 :
1049 2431 1070 2454 α
1089 2408 1340 2455 Vivificabis
1357 2420 1456 2471 post
1475 2411 1541 2456 bi-

191 2532 237 2574 (u)
258 2544 277 2566 2
296 2536 368 2568 Cor.
388 2545 422 2576 v,
446 2546 495 2578 17.
520 2551 564 2558 —
601 2534 644 2576 (b)
662 2533 743 2569 thid.
766 2535 814 2567 15.
843 2551 886 2559 -·
909 2535 953 2576 (c)
971 2534 1051 2566 Psal.
1073 2545 1171 2575 cxvn,
1193 2531 1248 2575 24.
1280 2550 1326 2558 --
1348 2533 1398 2576 (cI)
1423 2545 1435 2567 1
1465 2537 1536 2569 Cor.

147 2600 203 2631 xv,
222 2588 277 2622 52.
310 2607 353 2614 ·-—
376 2590 419 2632 (e)
445 2591 591 2634 PsaLm,
612 2592 646 2625 6.
684 2608 726 2616 --
750 2591 822 2636 (f)
841 2594 930 2624 Joan.
954 2602 991 2633 x,
1033 2590 1082 2623 18.
1116 2608 1158 2618 ψ-
1182 2591 1226 2636 (g)
1251 2591 1330 2624 Psal.
1368 2603 1458 2634 xcvi,
1487 2602 1536 2626 ιι.

149 2661 190 2667 ‘-
214 2645 262 2686 (Ῐι)
296 2647 344 2680 Id.
364 2659 456 2689 xxxi,
481 2659 530 2681 11.
550 2665 605 2671 >—
630 2648 743 2689 22i)1d.
764 2659 855 2689 tvm,
887 2659 935 2689 ιζ.

199 2721 207 2738 ¹
226 2715 259 2745 In
277 2715 394 2748 Codice
412 2716 608 2748 desideratur
625 2728 686 2748 vox
706 2715 794 2747 tuba.

1280 2766 1343 2798 11.
