1803 3276
717 286 863 312 INDEX.

93 350 196 383 Stnmo
220 349 296 383 LVI.
323 350 358 381 ln
372 350 476 383 Natali
492 352 620 383 Joannis
634 352 786 395 Baptistae
804 355 844 387 ΙΙ.

92 407 195 440 Snnuo
219 408 310 439 LVII.
337 409 384 439 De
403 409 526 440 Joanne
544 408 698 451 Baptista.

90 464 195 496 Sanno
218 464 326 495 LVIII.
353 464 389 495 In
405 463 509 495 Natali
522 464 745 506 Apostolorum
758 465 845 498 Petri
864 469 897 498 et
915 465 1018 498 Pauli.

90 523 195 553 Sammo
220 521 300 552 LIX.
327 522 373 552 De
387 519 566 553 Piscatione
584 521 681 554 Petri.

89 578 193 609 Sanno
217 578 283 607 LX.
309 578 354 608 De
369 578 472 618 Lapsu
490 576 587 609 Petri.

87 633 192 665 Snmuo
217 633 298 664 LXI.
324 633 360 664 In
377 633 589 665 solemnitate
609 637 792 666 sanctorum
806 632 1059 666 Maehabaeorum
1073 636 1096 666 Ι,

85 690 190 721 Sanno
214 689 309 719 LXII.
337 689 373 720 In
384 688 593 721 Solemnitate
606 693 787 721 sanctorum
800 689 1054 724 Machabaeorum
1072 692 1112 722 11.

87 747 195 777 Snnmo
219 745 331 777 LXIII.
358 746 393 776 In
411 745 621 778 solemnitate
639 750 823 779 sanctorum
839 746 1092 780 Machabaeorum
1106 749 1161 780 III.

86 802 191 833 Sanno
217 802 324 833 LXIV.
353 802 389 833 In
411 802 515 835 Natali
532 804 718 846 Martyrum.

604 920 835 964 CLASSIS
868 920 942 963 IV.

558 1043 754 1080 Senmomzs
772 1056 816 1080 »Β
835 1044 1026 1081 Dlvssnffls.

81 1156 186 1187 Smmo
208 1155 301 1188 LXV.
326 1158 373 1189 De
391 1156 591 1189 Poenitentia.

80 1211 188 1244 Saum
212 1212 319 1244 LXVI.
346 1215 392 1245 De
408 1211 535 1253 Jejunio
547 1213 573 1244 Ι.

81 1266 186 1299 Sanno
209 1269 331 1301 LXVII.
357 1270 404 1301 De
417 1268 546 1310 Jejunio
563 1269 603 1300 11.

81 1322 186 1357 Ssauo
210 1327 346 1358 LXVIII.
373 1327 420 1359 De
437 1324 518 1358 falso
531 1323 646 1356 amico.

610 1442 944 1490 APPENDIX

547 1570 756 1608 samonum
773 1581 1019 1606 JNEanORUM.

77 1689 182 1721 Sanno
206 1689 232 1721 1.
259 1687 295 1720 In
310 1686 512 1729 Sexagesima
528 1687 553 1718 1.

76 1745 184 1777 Smmo
206 1744 247 1776 II.
271 1745 307 1776 In
324 1742 523 1785 Sexagesima
540 1742 582 1774 II.
607 1742 725 1774 Contra
741 1740 968 1784 Cupiditatem.

79 1801 185 1833 Snnuo
207 1801 264 1832 111.
290 1802 337 1831 De
355 1798 473 1831 Pascha
499 1799 525 1830 I.

77 1857 186 1889 Sanno
208 1857 261 1887 1v.
286 1857 333 1887 De
350 1853 471 1887 Pascha
488 1855 527 1885 Π.

75 1913 182 1945 Smmo
204 1913 242 1944 V.
270 1914 316 1944 De
328 1910 522 1944 Ascensione
538 1908 662 1942 Domini
674 1910 699 1941 1.

76 1970 182 2002 Sentio
205 1969 258 2001 VI.
285 1970 332 2000 De
343 1966 536 2000 Ascensione
556 1965 681 1999 Domini
692 1966 731 1998 II.
749 1967 784 1998 ln
800 1964 997 1998 Manicliaeos.

77 2025 181 2057 Snmuo
203 2025 271 2057 VII.
293 2026 340 2057 De
357 2025 549 2056 Pentecoste
566 2024 591 2055 1.

77 2081 184 2114 Smuuo
206 2081 290 2113 VIII.
316 2082 363 2113 De
379 2081 570 2113 Pentecoste
584 2080 625 2112 11.

80 2139 223 2171 AonEunA
242 2140 277 2171 et
293 2135 503 2171 emendanda.

595 2322 780 2355 EXPLICIT
805 2321 942 2353 INDEX.

1396 281 1477 322 383

1414 363 1478 396 290

1412 418 1478 450 294

1412 473 1476 505 297

1411 529 1475 561 299

1411 585 1475 615 302

1412 641 1477 671 304

1410 695 1474 726 309

1412 752 1475 781 315

1411 807 1473 837 318

1409 1159 1472 1188 323

1408 1213 1470 1243 327

1409 1269 1468 1298 331

1408 1323 1471 1353 334

1405 1685 1470 1716 338

1404 1741 1466 1771 341

1405 1796 1468 1826 359

1404 1851 1463 1881 361

1404 1907 1469 1937 364

1403 1964 1465 1995 367

1403 2020 1462 2048 371

1403 2075 1468 2104 374

1404 2130 1466 2159 379
