1803 3276
339 274 422 312 :376
648 283 680 310 S.
709 284 937 312 auersum
973 286 1151 311 EPlSCOPI
1186 284 1413 312 Arrssumx.

336 356 511 392 testatur,
537 350 747 397 prophetali
771 351 902 386 ordine
917 377 926 391 Χ
958 349 1167 395 Discipulos
1191 351 1438 397 adimpleret,
1465 353 1503 386 et
1527 360 1593 385 sua
1612 350 1723 392 dona⁷

336 415 448 455 prout
475 410 607 453 voluit,
623 409 777 455 singulis
791 410 1006 455 dispertiret
1020 437 1028 450 ‚
1048 409 1186 445 falsitas
1206 420 1225 444 e
1246 410 1396 445 diverso
1415 409 1637 451 consistens,
1658 409 1726 444 etsi

337 470 464 512 invita,
479 480 609 505 verum
626 480 668 504 ex
683 480 747 504 ore
766 479 976 504 sermonem
993 468 1185 513 produxit.
1205 481 1225 503 α
1248 468 1317 509 lli,
1337 468 1480 514 inquit,
1502 473 1625 503 musto
1640 474 1727 503 sunt

334 542 352 560 »
381 529 480 573 pleni
508 528 574 576 (a).
598 540 617 562 ›)
647 528 745 563 Vere
768 529 866 567 enim
884 528 1130 573 spiritualiter
1150 527 1244 562 ebrii
1264 529 1426 569 fuerant,
1452 527 1515 573 qui
1542 529 1727 572 rigentem

337 588 459 624 adhuc
476 595 639 625 mustum
659 588 704 623 (le
723 589 790 623 sul)
811 588 935 623 efficis
952 588 1068 633 praelo
1090 587 1188 623 avidi
1206 587 1400 623 bibebant.
1417 588 1555 633 Magna
1565 587 1727 633 Aposto-

339 650 461 685 lorum
479 649 639 683 ebrietas
653 648 867 693 spiritualis,
877 647 940 692 qui
956 647 1007 683 sic
1024 648 1149 683 vinum
1162 657 1300 683 novum
1311 647 1502 691 biberunt,
1514 653 1554 682 ut
1569 656 1729 692 corpora

339 708 554 751 animasque
574 715 705 741 eorum
724 706 848 740 divina
864 706 1006 741 virtute
1041 706 1225 748 sanciret;
1256 706 1306 741 ita
1330 705 1492 751 strepitu
1505 712 1517 727 2
1537 715 1603 741 suo
1628 715 1728 750 prae-

338 764 572 801 sanctificata
596 774 726 799 eorum
746 764 782 798 in
805 774 967 810 corpore
990 765 1127 809 lingua,
1147 771 1189 799 ut
1206 764 1364 799 salutem
1382 764 1531 810 populis
1550 763 1730 809 praedica—

339 829 437 859 rent.
470 823 655 859 Biberunt
684 824 813 868 itaque
841 833 963 869 nuper
986 824 1173 858 calcatum
1198 834 1216 857 a
1240 822 1336 857 Juda
1360 822 1504 869 perfido
1522 821 1665 863 vinum,
1694 828 1729 856 et

339 882 582 928 propinantes
593 883 739 917 eunctis
746 881 786 918 M
791 882 980 928 artyribus
994 881 1171 927 poculum
1183 880 1373 925 Salutaris,
1386 886 1567 916 aeternum
1585 879 1733 916 veloces

339 942 457 977 secuti
476 947 562 977 sunt.
576 941 778 977 Dominum
799 941 1007 977 Christum.
1029 941 1328 986 Amplectamur
1347 940 1575 985 pendentem
1592 941 1631 974 in
1649 947 1732 973 cru-

337 1003 390 1037 eis
410 1002 597 1048 phalanga
615 1003 785 1044 botrum,
806 1001 997 1048 etjugiter
1019 1012 1063 1036 ex
1083 1011 1126 1037 eo
1152 1000 1335 1044 bibentes,
1356 1005 1550 1034 terrenum
1564 998 1640 1045 J'am
1658 1008 1733 1034 non

339 1062 552 1098 desiderant
572 1062 715 1099 vinum.

388 1121 455 1156 lv.
476 1121 507 1156 Ο
523 1121 778 1167 inseparabilis
796 1120 976 1156 Trinitas!
1001 1134 1020 1157 υ
1040 1132 1144 1166 vera,
1163 1120 1415 1166 indivisibilis,
1432 1124 1470 1154 et
1484 1117 1641 1154 indivisa
1654 1127 1735 1152 ma-

337 1179 472 1223 J‘estas!
492 1179 534 1214 In
558 1179 742 1224 principio
756 1205 766 1222 ,
786 1185 823 1214 et
841 1185 1042 1224 antequam
1062 1180 1238 1215 saeculum
1257 1180 1398 1214 faceres
1421 1187 1535 1223 super
1555 1176 1736 1212 obscuras

340 1248 475 1283 aquas,
494 1242 537 1273 tu
563 1236 631 1273 tibi
651 1237 760 1272 nivali
785 1238 947 1273 candore
966 1236 1149 1281 fulgebam
1179 1247 1278 1272 nunc
1297 1247 1386 1272 vero
1408 1237 1445 1270 in
1463 1235 1735 1281 Apostolorum

343 1298 480 1333 animas
503 1301 540 1332 et
557 1306 736 1342 corpora,
756 1298 866 1342 igneo
885 1296 1032 1341 fulgore
1053 1306 1242 1331 coruscas.
1259 1295 1332 1331 Hic
1352 1300 1410 1330 est
1429 1294 1570 1339 itaque,
1585 1293 1738 1328 Fratres

338 1356 560 1399 charissimi,
575 1356 734 1401 Spiritus
747 1361 911 1397 sanctus,
922 1355 1039 1398 Patri,
1052 1356 1278 1398 indiximus,
1290 1360 1326 1390 et
1335 1353 1428 1390 Filio
1438 1357 1661 1396 coaetcrnus,
1671 1351 1737 1397 qui

339 1415 548 1461 procedens
571 1425 591 1450 a
616 1414 749 1456 Patre,
769 1413 868 1449 inter
886 1414 1080 1450 volventes
1095 1424 1243 1460 spumas
1266 1423 1429 1459 suasque
1446 1412 1556 1448 vitrei
1577 1410 1739 1447 fluminis

342 1474 472 1516 undas,
492 1473 693 1510 aetheream
714 1472 909 1510 simulabat
928 1473 966 1509 in
984 1473 1084 1509 nube
1100 1472 1332 1519 columbam,
1347 1478 1385 1507 et
1400 1470 1570 1506 ablutum
1584 1479 1738 1506 venera-

340 1533 414 1569 bile
432 1532 573 1569 Christi
603 1543 759 1578 corpus,
793 1543 868 1568 suae
892 1531 1097 1577 majestatis
1127 1531 1325 1577 praesentia
1350 1530 1489 1574 sancit,
1515 1539 1586 1564 nec
1609 1533 1737 1567 tamen

339 1593 476 1629 coelum
496 1592 647 1636 deserit,
667 1593 754 1638 quia
773 1593 850 1638 ipse
863 1598 918 1628 est
934 1592 997 1638 qui
1011 1603 1030 1627 a
1049 1593 1161 1627 Patre
1176 1597 1212 1626 et
1229 1590 1323 1627 Filio
1345 1600 1536 1636 nunquam
1554 1587 1737 1624 discessit.

341 1652 488 1698 Ubique
505 1663 691 1699 praesens,
709 1653 824 1697 spirat
849 1651 912 1686 ubi
934 1651 1115 1691 voluerit;
1144 1649 1355 1694 Prophetas
1373 1649 1518 1695 implet,
1538 1647 1740 1693 Apostolos

343 1717 556 1755 consecrat,
582 1722 666 1748 suos
693 1712 881 1758 Martyres
904 1711 1024 1757 Juvat,
1046 1716 1083 1746 et
1104 1710 1276 1746 omnibus
1301 1708 1495 1754 propriam
1522 1705 1737 1742 Divinitatis

342 1771 500 1814 gratiam
519 1771 647 1806 donat.
661 1769 850 1815 Propheta
864 1770 915 1804 sic
928 1770 1097 1814 loquitur
1116 1769 1264 1804 dicens:
1284 1782 1300 1801 «
1319 1767 1516 1803 Effundam
1529 1766 1574 1801 de
1596 1764 1738 1811 Spiritu

345 1841 365 1863 »
391 1839 477 1864 meo
495 1839 609 1875 super
629 1838 778 1863 omnem
796 1838 950 1863 carnem
969 1826 1030 1874 (b).
1050 1838 1069 1860 »
1090 1825 1137 1862 Et
1153 1826 1223 1861 alio
1239 1827 1276 1860 in
1294 1826 1397 1861 loco:
1418 1837 1439 1860 α
1457 1823 1600 1860 Emitte
1620 1822 1739 1869 Spiri-

345 1901 364 1923 »
391 1893 471 1924 tum
487 1887 905 1930 tuum,etcrcal)untur;
918 1892 953 1922 et
967 1886 1162 1921 renovabis
1172 1886 1302 1921 faciem
1317 1882 1739 1930 ter1·ce(c).»Verenune

341 1958 437 1984 nova
461 1953 517 1983 est.
534 1947 653 1983 nostri
684 1946 855 1993 corporis
872 1952 974 1981 terra
989 1971 998 1988 ,
1020 1946 1110 1981 dum
1134 1944 1310 1989 spiritalis
1331 1944 1369 1978 in
1385 1943 1509 1986 nobis,
1536 1941 1741 1978 fructificat

343 2007 379 2041 in
397 2006 537 2042 mundo
568 2006 754 2041 doctrina.
773 2004 976 2040 Cessavere
996 2003 1072 2049 jam
1096 2003 1253 2049 pristina
1279 2001 1458 2048 mysteria
1476 2010 1710 2046 organorum
1728 2012 1738 2042 ,·»

344 2064 542 2101 obsurduit
558 2065 698 2101 sonitus
718 2064 981 2106 cimbalorum,
997 2064 1083 2108 quia
1103 2062 1140 2097 in
1155 2060 1324 2097 Ecclesia
1341 2059 1481 2096 Christi
1500 2059 1618 2095 dulcis
1632 2068 1739 2094 reso-

343 2131 406 2161 nat
426 2135 539 2160 sonus
562 2125 805 2171 hymnorum.
827 2124 996 2159 Laetctur
1023 2122 1149 2167 itaque
1169 2121 1287 2157 omnis
1310 2126 1412 2156 terra
1430 2147 1438 2161 ,
1455 2120 1543 2164 quia
1560 2118 1743 2154 Dominus

343 2190 482 2233 noster,
502 2190 712 2220 coaeternus
727 2183 845 2225 Patri,
860 2183 897 2217 in
915 2182 1050 2218 saeculo
1065 2191 1198 2226 magua
1212 2180 1392 2216 miracula
1406 2180 1496 2215 fecit
1513 2184 1550 2214 ct
1568 2178 1671 2221 facit,
1686 2178 1740 2213 in-

345 2242 514 2279 ferorum
529 2243 677 2279 vincula
692 2240 894 2287 confregit,
909 2240 1145 2285 «Vol-ansque
1162 2250 1273 2285 super
1288 2249 1428 2285 pennas
1440 2242 1637 2274 ventorum
1647 2236 1742 2283 (d)‚»

347 2302 431 2337 eoeli
453 2302 569 2337 ardua
593 2301 723 2347 petiit,
751 2306 787 2336 et
810 2300 936 2341 nohis,
970 2299 1063 2334 sicut
1094 2299 1339 2344 promiserat,
1363 2303 1533 2334 sanctum
1564 2295 1743 2341 Spiritum

347 2361 460 2397 misit.

396 2418 442 2455 V.
480 2419 646 2464 Ideoque
677 2419 905 2456 sanctissima
941 2419 1061 2454 unitas
1093 2418 1138 2453 ab
1165 2417 1369 2453 incredulis
1393 2415 1605 2451 nullatenus
1632 2412 1743 2449 debet

392 2514 440 2557 (a)
456 2518 529 2548 Act.
546 2527 588 2558 11,
612 2516 661 2549 13.
674 2516 768 2557 —-(b)
783 2516 864 2549 joel.
882 2528 922 2559 ιι,
944 2516 997 2548 28.
1018 2514 1211 2556 —-(1:)1‘sal.
1231 2526 1306 2557 cnr,
1325 2515 1377 2547 30.
1394 2511 1567 2553 -—-(d)1tl.
1590 2522 1666 2552 xvn,
1690 2520 1739 2541 11.

396 2592 403 2607 ¹
430 2587 525 2617 Forte
544 2584 713 2628 legendum
742 2586 828 2617 soret
852 2597 956 2626 αιιιίι,
987 2585 1124 2617 lii-leudo
1146 2596 1217 2617 eum
1244 2584 1343 2617 verbo
1373 2581 1570 2625 praecedenti
1589 2579 1685 2612 hora.
1703 2596 1742 2601 -·

353 2650 361 2664 '⁴
381 2642 460 2675 Cod.
478 2642 751 2685 inintelligibiliter
771 2641 912 2675 creditu.
