1803 3276
563 376 1004 448 ADDENDA

271 594 467 646 VITAE
519 593 801 647 SANCTI
854 589 1286 644 AUGUSTINI

475 785 511 826 Α
537 783 775 826 POSSIDIO
802 782 1079 826 EXARATAE.

138 1311 496 1380 Fragmentum
513 1312 604 1364 Izoc
622 1332 648 1363 e
664 1314 831 1365 codice
847 1330 972 1364 cass.
998 1332 1131 1373 mn,
1152 1312 1255 1380 fol.
1271 1318 1372 1372 136,
1391 1327 1480 1361 eoe-

79 1396 304 1445 tractam,
310 1389 468 1450 finem
481 1389 592 1435 vitoe
608 1390 771 1435 sancti
777 1389 828 1436 A
831 1385 1193 1452 ugustinz'aliter
1203 1401 1265 1432 ac
1276 1386 1326 1432 in
1338 1383 1481 1432 editis

78 1467 413 1520 reproesentat.
458 1459 582 1523 Quce
616 1458 815 1507 diversis
837 1458 910 1506 ad
926 1459 1146 1506 ultimum
1167 1456 1479 1521 eoeczcsafice-

79 1540 190 1578 runt
202 1529 584 1588 characteribus,
601 1547 751 1578 manu
764 1531 1021 1578 recentiori
1030 1526 1475 1595 acijectavidencar.

83 1601 215 1653 Vide
237 1601 459 1651 editionis
480 1603 830 1662 Maurinensis,
858 1613 970 1651 tom.
996 1622 1053 1661 x,
1075 1601 1178 1667 fol.
1205 1609 1305 1650 280.

129 1731 246 1778 (Post
261 1729 343 1769 haec
359 1730 474 1769 verba
488 1730 622 1780 capitis
637 1740 750 1770 xxxl
767 1742 776 1770 :
797 1731 902 1772 Sana
913 1732 987 1778 fide
1003 1732 1044 1771 in
1057 1729 1224 1772 Ecclesia
1237 1727 1478 1780 proedicavic;

78 1788 158 1829 haec
175 1792 321 1830 aliunde
341 1792 518 1831 translata
540 1792 721 1842 leguntur
739 1806 748 1831 :
768 1794 783 1840 )

137 1905 227 1953 Sed
247 1921 326 1963 ne,
350 1915 402 1954 ut
421 1921 554 1970 supra
575 1906 798 1968 tetigimus
813 1943 824 1964 ,
844 1905 1042 1956 Civitatis
1059 1921 1150 1953 suae
1165 1906 1339 1952 ruinam
1355 1900 1478 1951 vide-

77 1984 161 2034 ret,
180 1978 310 2024 tertio
329 1975 568 2026 obsidioriis
580 1994 730 2026 mense
746 1979 949 2039 migravit
970 1977 1028 2024 ad
1043 1977 1298 2035 Dominum,
1319 1978 1479 2040 quinto

75 2048 288 2097 kalendas
308 2051 567 2113 septembris
578 2087 589 2109 ‚
610 2067 712 2098 cum
728 2051 902 2099 vixisset
919 2066 1056 2098 annos
1072 2051 1477 2113 septuaginta-sem

76 2121 126 2168 in
157 2122 366 2172 clericatu
399 2133 549 2172 autem
571 2125 643 2171 vel
673 2124 927 2186 episcopatu
955 2139 1094 2173 annos
1121 2122 1260 2172 ferme
1282 2120 1477 2185 quadra-

77 2203 214 2255 gmta.

127 2321 240 2370 (Post
269 2322 349 2361 haee
377 2322 515 2370 legitur
547 2328 661 2371 caput
694 2331 836 2362 xxvm
868 2323 1057 2370 integrum
1091 2322 1152 2361 hic
1186 2321 1474 2371 transpositum.

79 2379 224 2419 Deinde
240 2383 412 2430 sequitur
431 2392 440 2419 :
462 2383 473 2431 )

138 2492 216 2539 Vir
253 2493 445 2557 denique
486 2496 577 2557 ipse
613 2494 858 2541 debellator
896 2496 1228 2553 haereticorum,
1274 2493 1478 2541 defensor

79 2563 303 2623 fidelium,
339 2577 383 2612 et
415 2567 685 2614 famosorum
707 2568 853 2629 palma
875 2568 1187 2626 certaminum,
1223 2568 1269 2613 in
1292 2567 1478 2630 quibus-

80 2635 182 2683 dam
195 2635 317 2685 libris
339 2639 472 2686 nimia
492 2638 756 2688 difficultate
777 2640 1050 2699 reconditus,
1070 2641 1115 2689 in
1129 2639 1394 2703 quibusdam
1415 2640 1475 2687 sic
