1803 3276
471 310 608 338 sunno
641 309 759 337 vat.
794 307 848 337 m:
880 305 1053 336 JEJUNIO
1086 310 1115 335 1.
1403 296 1487 335 327

102 375 287 436 decipit,
319 390 452 437 quam
474 390 574 420 cum
596 390 686 419 non
708 373 989 434 intelligimus
1015 373 1180 417 malum
1201 387 1305 418 esse.
1335 375 1488 434 Itaque

102 461 181 505 ego
203 462 321 491 nunc
342 461 432 491 non
454 444 552 490 dico
580 443 635 488 de
655 443 917 500 homicidiis,
942 459 1031 489 non
1056 445 1111 488 de
1135 443 1374 500 adulteriis,
1400 459 1489 489 non

102 518 158 562 de
179 518 303 563 malis
318 516 693 582 persuasionibus3
712 515 824 560 absit
836 516 953 560 enim
969 524 1020 561 ut
1036 515 1382 562 Christianorum
1394 517 1490 561 haec

102 587 257 650 aliquis
278 588 498 644 admittat,
524 596 599 632 aut
619 587 655 633 si
676 585 790 632 forte
809 586 1088 642 commiserit,
1113 584 1316 632 cecidisse
1332 596 1377 631 et
1392 602 1491 632 cor-

100 659 235 704 ruisse
256 674 347 704 non
364 658 510 703 statim
523 657 718 718 plangat.
743 656 828 702 Sed
851 656 907 702 de
925 657 1011 702 illis
1033 657 1188 719 utique
1204 655 1378 718 loquor,
1395 673 1495 718 quae

99 730 269 775 minora
289 728 432 775 multo
454 745 503 774 ac
525 728 687 774 leviora
709 727 967 773 creduntur.
993 729 1099 783 Quis
1130 737 1277 773 autem
1300 738 1490 773 vestrum

100 809 180 857 est,
206 798 500 856 Dilectissimi,
524 814 657 861 quem
669 798 742 845 vel
758 798 944 845 ebrietas
960 816 1052 846 non
1073 797 1299 862 polluerit,
1314 799 1385 845 vel
1397 815 1493 845 am-

100 871 209 917 bitio
222 887 312 917 non
330 871 540 933 rapuerit,
553 870 625 916 vel
644 869 808 916 invidia
825 886 915 916 non
927 871 1170 927 exusserit¹,
1186 870 1259 916 vel
1278 869 1493 932 cupiditas

99 958 189 988 non
221 942 486 1000 incenderit,
511 940 583 989 vel
605 941 782 988 avaritia
807 957 896 987 non
918 941 1240 988 vulneraverit?
1262 941 1389 987 Unde
1413 943 1493 988 ad-

99 1029 280 1072 moneo,
297 1012 590 1070 Dilectissimi,
610 1022 661 1059 ut
669 1014 794 1074 juxta
809 1013 931 1076 quod
953 1013 1164 1074 scriptum
1181 1022 1262 1069 est,
1283 1012 1492 1058 humilie-

99 1086 151 1130 tis
167 1101 244 1131 vos
265 1085 348 1130 sub
370 1084 443 1130 illa
464 1085 768 1146 potentissima
790 1099 925 1130 manu
947 1084 1051 1144 Dei3
1072 1093 1116 1129 et
1136 1084 1239 1146 quia
1260 1081 1409 1128 nullus
1430 1094 1494 1129 est

98 1157 190 1202 sine
214 1165 410 1217 peccato,
434 1155 585 1202 nullus
606 1157 660 1205 sit
682 1156 773 1201 sine
795 1153 1111 1215 satisfactione,
1141 1156 1245 1218 quia
1272 1155 1357 1201 hoc
1378 1155 1493 1216 ipso²

98 1229 195 1290 quis
222 1243 386 1275 nocens
407 1239 494 1285 est,
519 1227 554 1274 si
575 1243 620 1274 se
643 1228 924 1274 innocentem
951 1243 1045 1274 esse
1065 1237 1316 1289 praesumat.
1343 1230 1493 1273 Potest

98 1301 196 1362 quis
212 1300 356 1362 culpae
381 1301 563 1346 minoris
585 1315 702 1358 esse,
726 1300 803 1347 sed
836 1302 952 1348 non3
990 1299 1289 1362 inculpabilis,
1317 1300 1490 1347 «Nemo

101 1391 121 1414 »
157 1382 222 1423 est
242 1372 450 1418 immunis
465 1388 489 1418 a
506 1381 630 1418 reatu
650 1374 736 1432 (a).
765 1391 786 1414 »

156 1447 211 1490 V.
236 1447 295 1490 Et
315 1445 431 1502 ideo,
457 1443 755 1501 Dilectissimi,
778 1444 855 1508 qui
877 1443 1049 1505 gravius
1066 1442 1366 1500 offenderunt,
1385 1441 1493 1489 fide-

96 1515 179 1561 lius
200 1517 373 1561 veniam
399 1525 568 1578 petant.
596 1516 682 1570 Qui
704 1524 851 1561 autem
880 1532 904 1560 a
930 1514 1054 1561 malis
1087 1514 1384 1560 acerbioribus
1405 1514 1491 1558 im-

96 1586 258 1648 polluti
297 1598 422 1644 sunt,
459 1597 586 1633 orent
622 1603 678 1633 ne
708 1587 993 1649 polluantur3
1028 1595 1261 1648 praestante
1302 1585 1492 1631 Domino

96 1668 246 1705 nostro
268 1661 373 1704 Jesu
402 1658 591 1716 Christo,
621 1659 698 1722 qui
718 1674 820 1705 cum
842 1662 969 1704 Patre
994 1668 1038 1703 et
1066 1658 1230 1719 Spiritu
1251 1666 1401 1703 sancto
1421 1657 1489 1702 vi-

95 1727 157 1776 vit
178 1740 222 1776 et
239 1740 394 1792 regnat
414 1732 459 1776 in
475 1730 634 1777 saecula
657 1730 935 1776 saeculorum.
953 1732 1109 1775 Amen.

573 1989 794 2038 SERMO
830 1989 1005 2037 LXVI.

627 2113 690 2156 De
716 2112 741 2156 J
745 2110 893 2171 ejunio
917 2112 951 2155 Ι.

150 2224 336 2274 Erutus
355 2227 435 2274 lzz'c
458 2228 627 2279 Sermo
646 2233 671 2273 e
693 2226 812 2275 Cod.
846 2227 1183 2293 Cass.xi1,sol.
1202 2231 1273 2286 95,
1285 2236 1487 2290 propter
1532 2233 1534 2236 ’

92 2298 376 2345 nonnullam
396 2299 510 2362 styli
543 2297 764 2346 duritiem
800 2298 1089 2360 quibusdam
1127 2298 1488 2363 abjudicandas

91 2380 262 2417 saneto
290 2373 564 2435 Augustino
599 2372 728 2417 visus
758 2380 860 2427 est;
890 2380 1092 2433 propter
1120 2381 1282 2417 autem
1311 2388 1485 2417 manu-

91 2443 260 2504 scripti
298 2443 640 2492 auctoritatem
679 2441 752 2489 illi
784 2435 1061 2488 tribuendus
1106 2441 1244 2488 nobis
1281 2441 1483 2488 videtur.

92 2513 248 2559 Locus
268 2514 369 2575 ejus
383 2523 495 2575 post
513 2513 795 2561 Sermonem
815 2531 1016 2559 cccxrvn.

137 2608 184 2650 (a)
201 2609 275 2644 Job.
292 2620 367 2652 xiv,
386 2610 417 2652 4.

147 2684 154 2699 ¹
176 2678 254 2710 Cod.
278 2678 360 2710 male
379 2679 502 2710 exurit.
520 2696 562 2701 --
581 2686 592 2701 ²
613 2679 658 2710 ld.
682 2680 742 2723 (sui
759 2678 821 2709 hm*
839 2680 920 2722 ipse.
948 2696 978 2701 —
1000 2677 1012 2701 3
1028 2679 1107 2710 lbid.
1124 2679 1213 2711 deest
1234 2691 1312 2711 non.
