1803 3276
405 281 544 307 sumto
578 279 650 305 xv.
689 281 729 305 iix*
766 277 922 305 &Atium
958 279 1113 304 monim
1153 280 1210 304 ix.
1421 267 1501 306 115

112 343 242 399 Deus,
268 344 489 389 hominem
504 343 699 397 vestitus,
724 343 856 388 homo
875 343 1089 403 apparuit.
1121 345 1314 387 «Omnes
1331 352 1495 402 gentes,

115 431 137 458 n
157 415 354 477 plaudite
366 416 584 471 manibus,
602 419 617 476 j
626 414 788 459 ubilatc
801 418 891 459 Deo
906 414 951 458 in
964 429 1070 459 voce
1088 412 1366 458 exultationis
1381 418 1461 470 (a),
1475 430 1499 456 »

112 487 339 549 quoniam,
358 489 505 532 «Puer
519 495 646 531 natus
661 485 879 542 estnobis,
900 494 945 530 et
968 484 1105 529 Filius
1127 483 1254 529 datus
1270 493 1334 528 est
1354 485 1496 542 nobis,

114 574 137 600 ν
169 559 291 619 cujus
314 566 503 619 potestas
525 572 654 618 super
671 557 875 602 humeros
899 557 1014 618 ejus,
1040 565 1085 600 et
1099 555 1330 602 vocabitur
1341 569 1503 600 nomen

116 647 138 671 υ
172 629 263 690 ejus
298 629 449 689 magni
490 628 657 674 consilii
691 628 909 688 Angelus,
959 631 1074 673 Deus
1104 626 1252 683 fortis,
1300 626 1506 687 Princeps

117 716 140 744 »
173 699 291 762 pacis
307 735 318 757 ,
345 703 473 746 Pater
494 699 634 747 futuri
655 699 804 745 saeculi
819 698 895 758 (b).
914 717 935 742 >›
961 699 1128 755 Hodie,
1150 702 1339 755 Fratres,
1364 699 1507 743 Esa‘iae

112 770 341 833 prophetae
363 771 582 832 completa
602 780 666 817 est
689 771 936 832 Scriptura,
962 771 1110 816 dicens
1135 785 1145 812 :
1181 790 1202 813 «
1228 772 1343 815 Ecce
1370 769 1506 828 Virgo

116 861 139 885 >›
174 843 220 888 in
242 851 368 888 u'tero
385 843 605 904 concipiet
628 853 672 888 et
687 843 826 905 pariet
843 841 983 887 filium
997 878 1008 899 ,
1033 851 1076 886 et
1096 842 1320 887 vocabunt
1343 855 1508 886 nomen

116 931 138 956 »
173 914 266 975 ejus
306 913 594 970 Emmanuel,
633 913 754 976 quod
787 923 852 959 est
879 914 1215 973 interpretatum
1243 911 1509 959 :Nobiscum

117 998 139 1028 i)
172 988 288 1031 Deus
311 990 385 1044 (c).
414 1004 434 1028 >›
471 985 612 1032 Hodie
650 986 858 1030 Habacuc
895 983 1149 1029 sanctissimi
1187 982 1359 1028 oracula
1406 981 1510 1026 olim

114 1056 323 1118 praedicta
345 1056 563 1117 completa
586 1065 715 1112 sunt,
742 1057 817 1117 qui
835 1065 936 1101 ante
959 1054 1120 1101 Christi
1143 1054 1383 1100 adventum
1405 1069 1510 1114 pro-

112 1129 298 1190 phetans
320 1128 495 1173 dicebat
515 1147 524 1173 :
563 1146 583 1171 ‹<
607 1127 792 1173 Domine
812 1163 823 1184 ,
856 1127 1003 1172 audivi
1026 1126 1295 1171 auditionem
1325 1135 1448 1170 tuam
1468 1133 1512 1169 et

117 1217 137 1241 »
173 1199 326 1256 timui,
357 1198 625 1245 consideravi
648 1214 779 1260 opera
802 1208 892 1255 tua,
914 1208 956 1243 ct
987 1198 1139 1259 expavi
1156 1195 1236 1254 (d).
1259 1215 1278 1239 »
1310 1199 1368 1242 Et
1388 1195 1513 1258 quasi

114 1268 271 1332 aliquis
289 1285 390 1315 eum
403 1270 670 1332 exquireret,
691 1286 824 1332 quam
847 1270 1022 1315 Domini
1043 1285 1220 1330 operam
1243 1277 1514 1330 pertractans

115 1351 432 1403 expavesceret,
461 1342 724 1403 adjungens,
759 1357 861 1387 cum
885 1341 1111 1403 sequentia
1129 1341 1188 1385 ait
1215 1356 1223 1382 :
1255 1360 1275 1383 «
1294 1344 1345 1385 In
1367 1339 1513 1385 medio

118 1431 141 1457 n
172 1412 363 1459 duorum
388 1412 642 1458 animalium
668 1413 949 1458 innotesceris
973 1415 1058 1472 (e),
1090 1430 1110 1454 »
1137 1411 1183 1456 id
1205 1420 1293 1467 est,
1329 1411 1375 1455 in
1397 1427 1514 1473 prae-

115 1485 252 1546 sepio,
274 1485 353 1530 ubi
376 1486 453 1530 bos
491 1494 534 1530 et
566 1485 709 1530 asinus
730 1483 915 1531 vescunt
938 1483 1110 1529 foenum
1147 1493 1190 1529 et
1211 1483 1401 1544 paleam,
1424 1485 1517 1529 He-

117 1556 269 1602 rodem
291 1556 462 1616 fugiens
485 1555 790 1602 occultaberis.

178 1632 237 1674 ΙΙ.
273 1631 409 1685 Ecce,
442 1631 630 1685 Fratres,
657 1627 712 1673 ad
735 1643 867 1689 quam
885 1627 1081 1672 lzetitiam
1105 1642 1183 1672 nos
1206 1626 1408 1672 hodierni
1430 1626 1517 1672 dici

118 1701 328 1749 festivitas
355 1699 583 1762 perduxit,
614 1716 714 1745 ecce
741 1699 797 1744 ad
825 1698 955 1761 quale
992 1698 1202 1758 gaudium
1244 1714 1322 1744 nos
1355 1699 1516 1744 Christi

119 1774 413 1819 misericordia
445 1772 720 1834 provocavit,
757 1781 807 1817 ut
845 1772 922 1833 qui
945 1770 1062 1832 prius
1090 1791 1109 1814 «
1148 1769 1442 1817 Sedebamus¹
1468 1772 1513 1816 in

123 1863 144 1888 »
180 1845 369 1891 tenebris
395 1853 678 1906 peccatorum
709 1844 819 1889 etin
856 1843 1015 1888 umbra
1051 1843 1201 1887 mortis
1224 1842 1351 1905 (f),
1392 1863 1412 1885 »
1447 1843 1515 1888 lu-

121 1931 224 1961 men
245 1917 404 1963 Christi
425 1915 557 1962 hodie
579 1916 765 1962 oriretur
789 1915 939 1971 nobis,
965 1923 1016 1959 ut
1036 1913 1192 1959 merito
1215 1930 1265 1957 ex
1287 1915 1371 1959 hoc
1398 1934 1417 1957 «
1438 1914 1517 1960 filii

125 2002 147 2030 π
182 1987 260 2033 Dei
287 2003 619 2048 nuncupemur,
661 1995 704 2031 et
740 1987 873 2031 simus
906 1987 990 2047 (g).
1026 2004 1047 2026 υ
1081 1987 1195 2030 Ecce
1229 1984 1351 2046 quod
1391 1986 1517 2032 nobis

123 2059 326 2121 praestitit
350 2078 370 2102 «
389 2062 442 2104 In
457 2058 671 2119 principio
689 2058 902 2113 Verbum,
927 2075 947 2098 >›
974 2066 1018 2101 et
1034 2056 1155 2118 quod
1172 2057 1402 2102 «Verbum
1425 2067 1519 2104 erat

127 2142 149 2173 ·»
185 2129 304 2191 apud
336 2132 500 2186 Deum,
545 2139 589 2174 et
621 2133 735 2175 Deus
767 2138 859 2175 erat
880 2128 1100 2184 Verbum,
1141 2146 1161 2170 η
1206 2137 1256 2172 ut
1286 2128 1360 2174 ille
1387 2148 1408 2173 «
1437 2133 1519 2175 Per

127 2220 149 2244 »
184 2216 318 2263 quem
333 2200 446 2247 facta
461 2210 564 2246 sunt
576 2201 738 2256 omnia,
757 2209 800 2245 et
816 2201 906 2246 sine
919 2217 1008 2261 quo
1023 2200 1189 2245 factum
1204 2209 1268 2246 est
1280 2200 1389 2246 nihil
1402 2199 1486 2262 (ἢ),
1496 2220 1517 2244 n

125 2272 257 2318 hodie
279 2287 324 2317 se
345 2271 565 2318 nascendo
581 2272 854 2328 humiliaret,
891 2281 935 2316 et
956 2287 1034 2316 nos
1055 2271 1251 2332 perditos
1281 2272 1488 2318 exaltaret
1508 2295 1520 2334 3

128 2343 258 2389 hodie
280 2358 324 2388 se
344 2343 391 2388 in
405 2344 529 2389 terris
544 2342 858 2399 manifestaret,
880 2352 923 2387 et
940 2343 1066 2388 nobis
1085 2342 1309 2388 coelestem
1320 2344 1436 2390 viam
1450 2344 1525 2390 de-

128 2423 404 2460 monstraret.
445 2416 483 2459 Ο
508 2423 673 2476 quanta
714 2413 925 2460 exultatio
962 2413 1186 2476 praesentis
1220 2413 1335 2460 diei?
1356 2426 1521 2479 quanta

175 2524 311 2566 (a)1³sa1.
330 2535 417 2568 nvi,
438 2523 661 2567 2.-(b)1s:13.
681 2536 726 2567 ix,
747 2524 885 2568 6.--(c)
906 2525 954 2560 Id.
970 2535 1029 2568 vn,
1051 2523 1149 2569 κίμ-
1167 2524 1355 2568 (d)11a1›ac.
1376 2538 1428 2572 111,
1443 2537 1523 2561 2.—

131 2581 172 2623 (e)
187 2582 268 2615 lbid.
281 2582 374 2624 juxta
391 2593 510 2615 ιιι-
527 2581 598 2625 (f)
619 2583 689 2616 lsai.
710 2593 755 2625 lx,
774 2590 807 2616 2.
827 2599 869 2607 --
892 2581 936 2627 (g)
959 2584 1078 2617 xJoan.
1097 2594 1145 2627 m,
1164 2594 1192 2618 1.
1208 2600 1250 2607 ·--
1272 2584 1319 2626 (71)
1338 2585 1383 2619 Id.
1405 2596 1435 2628 ι,
1448 2586 1518 2619 1-3.

180 2657 189 2674 ¹
202 2651 279 2683 Cod.
302 2650 618 2695 malefeclebcmms.

1280 2710 1320 2748 8,
