1803 3276
685 232 916 265 PRAEFATIO.
1447 234 1465 270 1
1476 233 1500 271 5

109 301 447 348 desiderandum
485 300 626 347 doctis
660 301 883 347 mentibus
913 302 1141 363 apparebit
1174 305 1328 365 tertia,
1368 322 1503 370 quam

106 373 360 429 statuimus,
384 371 578 418 conditio
599 407 610 428 ,
637 387 794 433 nempe
827 381 879 418 ut
900 372 1032 418 etiam
1060 372 1188 434 plura
1207 375 1501 437 inveniantur,

105 459 207 506 quae
230 459 332 490 cum
352 443 696 505 uniuscujusque
715 442 907 489 doctoris
934 443 1274 503 cogitationibus
1312 455 1356 492 et
1382 463 1506 494 com-

105 514 229 560 muni
259 512 435 560 dicendi
468 528 626 574 genere
648 512 936 559 concordent.
962 516 1174 568 Quamvis
1203 517 1320 562 enim
1353 518 1504 580 regula

104 583 178 630 illa
201 599 290 630 non
305 584 360 630 sit
380 585 426 630 in
448 584 652 630 omnibus
678 584 860 630 omnino
888 585 1079 631 severius
1096 585 1365 646 adhibenda,
1389 604 1505 651 proe-

103 655 249 701 sertim
268 669 370 701 cum
383 655 527 715 agitur
539 654 594 700 de
608 655 909 716 scriptoribus,
926 655 1106 717 quibus,
1127 665 1179 702 ut
1198 660 1240 703 S.
1258 660 1505 719 Augustino

102 724 325 771 diversum
362 725 407 770 in
436 724 616 770 diversis
639 725 911 787 temporibus
931 726 1148 789 variisque
1173 726 1381 789 longioris
1402 732 1505 776 vitae

103 797 232 856 gestis
251 795 419 856 stylum
441 795 651 842 adhibere
672 797 883 857 contigit,
914 807 1068 859 utpote
1105 798 1183 861 qui
1215 799 1348 847 modo
1381 800 1500 859 la‘1'ci,

103 867 237 914 modo
249 865 511 923 sacerdotes,
538 866 671 913 modo
689 867 918 928 neophyti,
947 868 1082 914 modo
1095 870 1338 930 pontifices,
1368 871 1503 919 modo

94 938 306 1000 juniores,
332 936 465 984 modo
478 946 605 983 aetate
626 938 839 998 provecti,
856 938 990 984 modo
1007 939 1201 985 humana
1222 940 1367 987 adhuc
1389 942 1499 988 doc-

99 1007 214 1054 trina
225 1007 403 1066 imbuti,
418 1006 551 1053 modo
568 1007 615 1052 in
631 1006 789 1053 divinis
811 1008 1002 1054 scientiis
1025 1009 1209 1070 perfecti
1229 1012 1497 1074 scripserint3

98 1094 201 1125 vere
207 1088 356 1125 tamen
365 1087 429 1124 est
439 1077 741 1124 confitendum
751 1078 796 1123 in
807 1079 1013 1125 omnibus
1024 1080 1114 1126 istis
1127 1082 1406 1129 varietatibus
1416 1086 1501 1130 ori-

97 1148 242 1210 ginale
253 1164 425 1211 semper
442 1148 612 1212 aliquid
628 1159 672 1195 et
684 1150 807 1212 quasi
820 1150 1049 1211 personale
1062 1151 1350 1214 deprehendi,
1375 1156 1500 1218 quod

101 1219 199 1267 talis
215 1229 292 1266 aut
304 1220 400 1265 talis
419 1219 607 1266 auctoris
618 1219 690 1266 vel
703 1219 867 1280 stylum
880 1220 1105 1279 odoretur,
1118 1222 1190 1268 vel
1203 1225 1362 1285 prodat
1372 1226 1499 1287 inge-

100 1291 377 1347 nium.Quod
389 1299 441 1337 ut
453 1299 614 1336 nostrae
627 1289 877 1337 collectioni
895 1290 1039 1337 favere
1052 1293 1296 1340 evidentius
1310 1306 1498 1356 pateret,

96 1363 274 1410 diversis
296 1363 411 1410 notis
431 1362 688 1422 collegimus
708 1378 798 1408 non
820 1379 974 1409 omnes
991 1365 1172 1425 quidem
1192 1402 1203 1422 ,
1231 1366 1308 1412 sed
1331 1367 1500 1430 aliquas

96 1450 147 1480 ex
169 1434 262 1481 aliis
275 1435 413 1482 saneti
434 1434 633 1481 Doctoris
656 1435 862 1495 operibus
879 1435 1160 1497 depromptas
1175 1437 1496 1498 similitudines,

96 1515 147 1552 ut
171 1505 491 1567 cogitationum
523 1503 713 1566 stylique
745 1506 1056 1552 conformitate
1090 1507 1247 1553 melius
1270 1521 1501 1570 appareret

94 1578 255 1625 veritas·
269 1576 389 1623 tituli
408 1577 456 1624 in
472 1575 699 1623 codicibus
720 1577 910 1639 reperti,
935 1594 1038 1623 cum
1056 1595 1147 1625 non
1172 1579 1307 1626 modo
1332 1597 1423 1628 non
1453 1583 1498 1628 in

93 1649 282 1696 dubium
303 1648 497 1696 adducta
527 1648 748 1695 scribendi
774 1650 1012 1707 varietate,
1045 1650 1124 1696 sed
1156 1651 1201 1697 in
1232 1653 1498 1701 certitudine

94 1722 351 1767 confirmata
367 1718 544 1767 dicendi
565 1720 749 1782 paritate
766 1720 1006 1767 videretur.

152 1793 280 1838 XIII.
306 1791 384 1836 His
406 1805 511 1851 ergo
534 1788 696 1850 regulis
718 1790 880 1847 innixi,
906 1805 1066 1836 novam
1088 1791 1202 1838 hanc
1217 1795 1500 1853 Augustinia-

94 1877 253 1908 norum
274 1876 526 1907 sermonum
557 1858 959 1922 promulgationem
989 1861 1252 1909 fiducialiter
1278 1864 1325 1909 in
1352 1864 1499 1911 lucem

93 1932 223 1978 edere
246 1947 348 1978 -non
376 1930 633 1977 dubitamus
654 1968 665 1988 ,
709 1931 981 1993 doctumque
1023 1931 1233 1979 lectorem
1272 1934 1498 1982 advertere

92 2019 349 2066 precamur,
378 2001 593 2063 triplicem
614 2001 687 2048 hic
719 2017 972 2047 sermonum
1000 2003 1188 2064 speciem
1227 2006 1321 2066 ejus
1359 2006 1498 2053 oculis

92 2073 306 2137 supponi3
321 2074 508 2135 primam
518 2071 717 2135 quidem,
731 2089 832 2135 quae
849 2088 1067 2119 sermones
1079 2074 1196 2119 beati
1211 2078 1408 2122 Doctoris
1424 2093 1500 2138 pe-

93 2146 209 2192 nitus
221 2144 409 2191 ineditos
422 2141 751 2205 complectitur,
770 2142 1021 2201 secundam,
1037 2159 1137 2206 quae
1151 2145 1326 2191 exhibet
1342 2156 1499 2194 tracta-

92 2225 163 2262 tus
185 2215 307 2262 novis
323 2214 584 2261 lectionibus
601 2223 835 2269 correctos,
864 2222 939 2259 aut
958 2215 1081 2260 novis
1099 2213 1258 2262 ditatos
1275 2217 1498 2276 fragmen-

92 2288 174 2347 tis3
210 2287 383 2333 tertiam
397 2322 409 2343 ‚
443 2301 532 2348 qua
566 2300 786 2331 sermones
808 2301 898 2331 non
927 2286 1071 2331 solum
1093 2286 1358 2334 incorrectos
1372 2324 1383 2346 ,
1420 2290 1497 2335 sed

92 2358 294 2405 codicum
316 2357 494 2403 defectu
517 2372 747 2418 perperam
768 2356 815 2402 in
837 2356 1126 2418 appendicem
1154 2374 1178 2403 a
1200 2360 1407 2405 Maurinis
1425 2376 1496 2406 re-

88 2430 244 2490 jectos,
271 2437 521 2474 nostrorum
544 2427 803 2472 auctoritate
821 2426 1025 2472 codicum
1048 2426 1179 2473 beato
1205 2431 1382 2475 Doctori
1406 2448 1495 2477 non

93 2499 312 2545 immerito
339 2497 629 2545 viiidicantur.
657 2501 710 2543 In
734 2498 1080 2560 uniuscujusque
1101 2514 1351 2546 sermonum
1374 2503 1497 2562 prin-

92 2569 206 2630 cipio
228 2568 382 2616 breves
402 2577 527 2615 notas
554 2568 817 2630 praefiximus
833 2602 844 2622 ,
870 2567 1030 2628 quibus
1064 2568 1327 2627 indicantur,
1358 2575 1400 2616 1Ο
1423 2589 1497 2617 co-
