1803 3276
334 226 417 264 338
589 238 622 264 5.
659 234 890 264 Aue-osum
923 235 1104 263 EPISCOPI
1136 233 1275 262 sEnMo
1308 235 1461 261 vaui.

333 303 445 347 Cum
463 300 628 345 caeteris
650 301 879 362 Discipulis
898 309 1006 356 crat,
1027 308 1071 344 et
1089 299 1205 345 solus
1223 297 1279 344 de
1301 297 1533 343 traditione
1551 298 1726 342 Domini

331 372 578 433 cogitabat,
604 373 698 433 ipso
716 374 902 418 Domino
926 371 1126 418 dicente:
1157 390 1173 411 «
1204 370 1446 415 lntinctum
1476 383 1635 429 panem
1655 367 1727 413 cui

336 460 356 483 »
391 442 577 499 dedero,
598 444 688 505 ipsc
711 461 780 489 me
798 443 940 488 tradet
956 446 1038 502 (a).
1067 461 1087 485 »
1114 442 1297 502 Accepit
1318 441 1501 486 conviva
1525 437 1725 497 insidias3

333 512 581 568 discubuit3
602 515 928 576 jucunditatem
945 516 1079 560 homo
1101 514 1311 559 insidians
1337 513 1383 558 in
1406 510 1521 557 bella
1541 525 1726 556 conver-

334 583 426 629 tit¹.
453 586 490 629 O
509 583 773 647 discipulum
788 587 866 647 qui
888 585 1049 632 falsum
1072 584 1273 631 osculum
1301 582 1551 644 propinavit
1567 582 1728 641 Magis-

332 656 421 701 tro!
449 656 560 701 sicut
587 657 797 717 seriptum
832 667 920 702 est:
958 677 979 700 «
1004 656 1185 703 Meliora
1212 664 1315 700 sunt
1340 655 1523 700 vulnera
1546 653 1727 709 inimici,

332 743 352 766 »
387 742 520 786 quam
543 727 647 772 falsa
679 727 827 772 oscula
853 728 981 772 amici
1009 726 1088 785 (b).
1128 746 1149 768 »
1187 727 1273 781 Qui
1305 726 1528 772 osculatur
1549 759 1560 781 ,
1599 724 1731 768 huic²

335 794 525 843 dicitur:
551 816 571 840 «
596 797 666 842 Ad
693 798 803 859 quid
829 798 1008 854 venisti,
1034 798 1216 843 Amice?
1234 816 1254 839 »

396 869 471 911 lV.
500 871 652 913 Petrus
674 869 930 914 vulneratus
957 869 1215 915 emendatus
1241 877 1327 924 cst,
1354 867 1426 912 cui
1444 866 1615 911 dictum
1638 874 1729 910 est:

339 957 358 979 «
385 937 531 983 Vade³
546 949 645 1000 post
661 955 745 996 me,
769 943 926 987 Satana
943 943 1020 1000 (c).
1039 943 1094 986 »J
1102 939 1207 985 udas
1231 939 1378 985 osculo
1393 938 1730 991 condemnatur,

334 1017 378 1052 et
402 1012 554 1055 Petrus
575 1009 846 1068 vulneratus,
862 1021 1036 1057 sanatus
1054 1021 1132 1056 est.
1155 1014 1178 1056 J
1185 1009 1283 1056 udae
1307 1009 1455 1056 oscula
1471 1007 1735 1069 proditionis

337 1095 507 1126 veneno
525 1081 791 1140 funduntur,
812 1093 855 1129 ct
874 1084 989 1128 Petri
1011 1083 1214 1142 lacrymis
1237 1082 1366 1143 culpa
1383 1081 1570 1126 lavatur.
1598 1082 1619 1124 J
1628 1078 1735 1124 udas

338 1150 446 1196 dum
470 1154 693 1199 osculatur
717 1155 895 1200 tradidit
916 1156 1155 1200 Dominum
1188 1171 1339 1211 suum,
1365 1164 1408 1199 et
1431 1169 1521 1199 non
1545 1151 1735 1213 gustavit

338 1222 530 1282 pretium
547 1245 558 1282 3
581 1224 775 1270 reddidit
794 1226 960 1270 Judaeis
980 1235 1234 1286 argentum,
1257 1235 1300 1270 et
1323 1224 1545 1270 festinavit
1563 1223 1618 1268 ad
1639 1222 1734 1283 gla-

340 1291 492 1354 dium3
518 1294 650 1355 digne
680 1296 840 1357 laqueo
870 1313 914 1342 se
947 1296 1197 1358 suspendit‚
1229 1298 1332 1359 quia
1370 1297 1560 1357 pretium
1597 1294 1738 1340 sancti

339 1367 562 1425 sanguinis
594 1369 863 1429 concupivit.
904 1373 1049 1429 Fuge,
1075 1368 1201 1430 fuge,
1227 1369 1402 1425 Amice,
1436 1367 1702 1429 quantocius
1724 1386 1735 1425 3

338 1437 473 1482 habes
494 1439 765 1500 exemplum,
783 1456 917 1502 quem
938 1441 1106 1486 timeas.
1128 1441 1171 1486 Si
1198 1450 1318 1486 tanto
1341 1440 1572 1500 Magistro,
1590 1449 1633 1484 et
1656 1442 1740 1483 Do—

340 1510 471 1554 mino.
485 1526 576 1556 non
599 1512 793 1572 pepercit
814 1512 954 1557 malus
976 1512 1231 1573 discipulus,
1254 1511 1479 1574 quomodo
1502 1509 1740 1573 aliquando

339 1596 516 1642 parcere
535 1584 697 1644 poterit
715 1583 848 1629 falsus
871 1585 1051 1629 amicus.
1078 1587 1305 1638 Quantum
1327 1584 1444 1629 enim
1461 1581 1653 1629 cavenda
1676 1590 1740 1627 est

340 1652 450 1698 falsa
481 1655 692 1712 amicitia,
730 1657 855 1717 cujus
886 1655 1035 1715 lingua
1073 1672 1226 1717 pacem
1271 1666 1418 1713 sonat,
1457 1665 1501 1701 et
1534 1671 1609 1700 cor
1646 1655 1738 1715 ejus

341 1723 494 1770 dolum
527 1726 745 1772 occultat!
772 1727 842 1773 Ad
875 1727 1127 1789 hujusmodi
1160 1729 1387 1774 hominem
1416 1729 1559 1789 ipsum
1590 1726 1739 1772 Domi-

302 1839 315 1843 -
341 1814 451 1843 num
483 1800 723 1845 habeamus
756 1801 803 1845 in
833 1801 1038 1846 omnibus
1081 1810 1403 1861 protectorem:
1445 1801 1523 1862 qui
1554 1800 1662 1845 vivit
1698 1807 1742 1843 et

344 1880 498 1930 regnat
519 1872 563 1916 in
586 1872 745 1918 saeeula
763 1873 1039 1918 saeculorum.
1065 1876 1223 1918 Amen.

393 1981 439 2021 (a)
456 1983 550 2014 Joan.
571 1993 646 2024 xm,
659 1981 714 2014 26.
735 1999 776 2005 —-
791 1981 835 2023 (b)
854 1984 948 2015 Prov.
974 1981 1128 2023 xxvu‚G.
1152 1999 1194 2004 —
1212 1981 1256 2023 (c)
1280 1982 1394 2016 Matth.
1419 1993 1450 2015 iv
1466 2007 1475 2025 ‚
1494 1993 1543 2014 10.

393 2058 402 2075 ¹
425 2051 502 2085 Cod⁴
514 2050 736 2096 jucundatur
749 2050 847 2085 homo
865 2049 993 2084 insidia
1013 2050 1046 2084 in
1069 2049 1161 2083 bella
1176 2050 1350 2084 conver-cit.
1370 2068 1413 2074 —
1438 2057 1451 2074 ²
1469 2050 1547 2085 Cod.
1569 2049 1656 2084 male
1673 2050 1741 2083 cui.

347 2126 390 2133 —
416 2106 429 2133 3
443 2109 522 2144 Cod.
543 2108 627 2141 male
643 2106 730 2142 redi.
