1803 3276
429 277 566 305 sermo
599 278 752 304 xxxw.
788 278 842 304 DE
874 275 1026 305 PAsan
1060 280 1149 306 xiv.
1396 271 1478 309 199

96 343 222 388 Panis
239 344 342 388 vita}
361 353 426 388 cst
446 343 648 387 fidelibus
662 343 762 387 suis.
786 342 1011 403 Numquid
1028 343 1227 403 displicet
1244 346 1365 404 quod
1383 347 1478 391 vult

95 428 145 457 ex
166 415 314 474 seipso
336 429 509 475 pascere
531 429 639 473 quos
660 428 738 473 per
760 424 803 457 sc
826 413 1034 457 redemit?
1051 413 1106 457 ad
1123 414 1258 473 ipsam
1276 416 1476 475 primitus

94 484 304 543 originem
324 484 519 529 fidelium
540 493 821 529 revertamur.
847 487 913 529 Ex
935 500 1047 545 aqua
1070 494 1113 528 et
1136 486 1300 545 Spiritu
1331 501 1478 530 renas-

93 555 247 600 cimur.
274 558 370 600 Jam
398 556 482 600 hoc
503 555 646 616 ipsum
661 591 671 611 ‚
696 554 817 617 quod
840 555 1123 612 renascimur,
1144 571 1278 617 quam
1298 556 1480 602 investi-

94 626 258 686 gabile,
285 643 419 688 quam
445 626 884 688 incomprehensibile
916 637 980 672 est
997 663 1008 684 ‚
1039 627 1120 672 nisi
1161 626 1248 672 fide
1277 644 1480 689 compre-

91 697 338 742 hendatur!
390 701 455 743 Ex
503 716 615 760 aqua
661 708 704 743 et
747 697 910 759 Spiritu
952 698 1119 743 renasci
1173 700 1368 759 oportuit
1404 700 1481 762 qui

92 769 431 813 renascebantur
470 771 515 814 in
550 770 735 830 Spiritu,
770 779 822 815 ut
854 786 877 814 a
905 779 1055 814 sancto
1081 769 1243 830 Spiritu
1267 771 1479 829 originem

90 839 282 885 traheret
307 841 551 901 procreatio
582 840 827 901 spiritualis.
862 840 946 886 Sed
968 839 1081 886 forte
1109 839 1264 901 aliquis
1292 842 1479 902 quaerit:

89 912 234 964 Quare
257 927 308 955 ex
335 914 478 973 aqua?
512 915 605 957 Hoc
627 913 771 972 ipsum
793 910 973 957 fortasse
996 926 1233 972 quaereres,
1259 912 1294 956 si
1316 912 1482 972 baptis-

88 981 215 1026 matis
236 983 493 1040 mysterium
510 982 591 1027 alia
610 998 889 1044 quacumque
905 982 1084 1026 materia
1102 992 1299 1027 constare
1320 982 1485 1028 voluis-

88 1061 167 1097 set.
205 1051 290 1097 Sed
324 1053 359 1097 si
391 1052 607 1098 discutere
644 1053 971 1113 dispositionem
1000 1052 1194 1097 divinam
1214 1052 1338 1109 licet,
1375 1054 1484 1115 quid

87 1132 177 1168 tam
198 1140 361 1184 purum
383 1131 459 1169 ‘aut
481 1123 661 1184 simplex
678 1123 733 1168 ad
746 1125 1065 1184 reparationem
1084 1133 1277 1169 nostram
1304 1125 1484 1185 Spiritui

86 1204 236 1241 sancto
268 1211 404 1256 quam
430 1212 545 1257 aqua
578 1195 722 1256 potuit
752 1195 961 1257 adjungi?
984 1196 1039 1241 de
1072 1212 1160 1257 qua
1191 1196 1238 1240 in
1269 1196 1484 1257 principio

85 1266 232 1312 statim
273 1267 486 1327 scriptum
524 1276 612 1312 est:
661 1286 681 1309 «
725 1267 908 1327 Spiritus
958 1268 1037 1312 Dei
1082 1266 1306 1312 serebatur
1352 1283 1484 1328 super

87 1355 110 1382 »
145 1355 278 1400 aquas
291 1340 376 1398 (a).
407 1356 428 1380 »
453 1338 636 1383 Revexit
669 1354 772 1398 ergo
794 1338 935 1383 libens
973 1337 1028 1383 ad
1062 1337 1248 1384 salutem
1287 1348 1483 1384 nostram

87 1410 271 1471 Spiritus
293 1426 415 1455 suam
437 1409 599 1455 sedem.
626 1413 769 1464 Quam
793 1409 953 1454 multas
975 1419 1123 1454 autem
1139 1411 1186 1454 in
1198 1411 1280 1455 hac
1300 1425 1484 1470 regene-

83 1481 251 1527 ratione
281 1482 443 1543 species
465 1497 578 1542 aqua
605 1481 821 1527 continet!
849 1482 1046 1526 Primum
1077 1480 1200 1543 quod
1218 1482 1483 1528 mortificare

84 1562 129 1598 et
144 1554 268 1615 quasi
286 1551 554 1598 abscondere
571 1570 595 1598 a
617 1552 776 1598 saeculo
808 1546 1005 1609 videtur⁷
1030 1561 1177 1612 tegere
1210 1562 1253 1597 et
1271 1569 1482 1614 consepe-

83 1624 162 1669 lire
184 1640 262 1686 per
281 1625 547 1686 baptismum
570 1639 873 1687 quoscumque
898 1624 1153 1684 submergit.
1170 1624 1360 1681 Deinde,
1382 1633 1483 1685 post

83 1696 266 1741 modum
290 1695 554 1756 emergendo
570 1732 581 1753 ‚
607 1696 731 1758 quasi
753 1696 961 1751 nascitur,
987 1695 1064 1756 qui
1085 1711 1252 1740 mersus
1274 1696 1357 1740 sub
1385 1695 1482 1738 Tri-

84 1769 229 1813 nitatis
246 1768 517 1814 confessione
533 1768 795 1829 concipitur,
813 1777 856 1812 et
869 1767 993 1828 quasi
1005 1776 1131 1813 utero
1149 1766 1282 1812 fontis
1298 1768 1481 1812 abscon-

84 1838 202 1884 ditur
224 1840 279 1885 ab
301 1856 414 1902 aqua
432 1862 442 1899 3
466 1841 512 1885 in
533 1839 703 1885 lucem1
718 1838 882 1900 prodit,
903 1848 953 1883 ut
974 1839 1324 1899 purificationem
1346 1854 1481 1899 quam

84 1910 129 1954 in
162 1926 344 1971 corpora
375 1927 500 1972 aquae
535 1919 705 1955 exercet
737 1909 1026 1965 elementum,
1052 1909 1182 1954 etiam
1214 1910 1259 1953 in
1297 1909 1478 1965 animas,

83 1991 345 2042 cooperante
369 1981 554 2041 Spiritu,
578 1981 735 2025 merito
758 1979 1039 2025 confessionis
1061 1989 1274 2040 usurpet3
1299 1989 1344 2024 et
1379 1995 1482 2024 suc·-

84 2052 199 2098 cedit
221 2053 371 2098 unctio
403 2068 574 2112 magnae
597 2068 645 2096 ac
668 2053 934 2112 propheticae
957 2052 1177 2112 dignitatis
1191 2088 1202 2108 ,
1228 2055 1356 2112 quae2
1377 2066 1481 2096 cum

84 2124 205 2170 suavi
238 2123 491 2184 fragrantia,
530 2132 778 2168 consecrata
812 2140 836 2167 a
860 2123 1055 2178 Christo,
1081 2121 1317 2168 infantium
1347 2122 1479 2168 inno-

84 2196 279 2241 centium
301 2196 443 2256 capita
464 2193 719 2255 perfundit3
751 2210 902 2239 omnes
931 2195 1012 2239 sub
1043 2196 1215 2240 Christo
1238 2195 1401 2254 capite,
1434 2194 1482 2238 in

85 2267 414 2326 regeneratione
462 2276 709 2321 consecrat,
739 2282 787 2310 ac
832 2267 1071 2325 Prophetas
1105 2276 1148 2310 et
1190 2280 1309 2324 reges
1346 2264 1481 2309 facit³

84 2353 388 2398 quoscumque
424 2336 666 2397 perfundit.
701 2339 865 2396 (Reges
888 2335 1147 2397 quidcm4‚)
1181 2336 1282 2396 quia
1299 2351 1342 2379 se
1365 2335 1482 2396 ipsos

86 2423 254 2466 regere,
290 2418 333 2452 et
364 2409 476 2453 vitiis
511 2408 729 2467 incipiunt
760 2409 1001 2467 imperare2
1034 2408 1272 2467 Prophetas
1304 2416 1475 2462 autem,

134 2516 180 2558 (α)
201 2519 280 2550 Gen.
304 2529 341 2559 ι,
365 2526 398 2549 ⁴2.

135 2593 142 2608 ¹
158 2585 267 2617 Codex
282 2595 340 2627 per
358 2595 499 2616 errorem
517 2584 720 2616 manifestum
742 2583 816 2616 Ince
836 2595 917 2614 sem.
945 2600 982 2606 ·—
1006 2583 1075 2615 2121.
1098 2583 1179 2616 male
1198 2596 1303 2628 (setene.
1332 2600 1373 2605 —
1401 2581 1413 2604 3
1427 2582 1476 2613 111.

80 2639 207 2684 saciat.
227 2655 269 2662 -·-
292 2637 309 2668 4
329 2639 553 2671 Desiderantur
571 2640 739 2671 evidenter
757 2639 899 2669 addenda
915 2638 1012 2669 vei-lm
1030 2650 1121 2680 reg-:2⁵2
1141 2639 1286 2684 ψιιιῑίηη.
