1803 3276
374 247 452 284 102
806 259 838 284 s.
878 257 1105 283 ArcusTmi
1140 257 1320 283 muscom

370 342 386 362 ›·
425 322 555 365 modo
579 322 650 366 liet
677 320 813 372 istutl3
842 344 856 361 υ
883 321 997 365 salva
1018 322 1101 365 erit
1128 321 1349 378 virginitas
1368 329 1464 373 tua·‚
1487 337 1577 367 non
1597 321 1755 382 peribit

363 391 571 451 pudicitia
597 402 696 442 tuam
735 402 780 436 tu
812 401 960 435 autem
994 390 1123 435 erede
1145 391 1397 443 veritatcm3
1427 391 1544 437 salva
1573 392 1755 452 virgini-

361 472 450 507 tate
468 498 478 517 ‚
508 463 655 523 accipe
676 464 951 507 securitatem
970 479 981 514 ;
1010 462 1219 522 quoniam
1241 462 1409 522 integra
1437 473 1502 508 est
1523 462 1629 509 fides
1651 473 1724 509 tua
1741 499 1752 519 ‚

361 534 523 579 intacta
547 535 629 579 erit
649 545 691 579 et
725 534 946 592 virginitas
968 543 1057 578 tua.
1080 533 1197 579 Audi
1223 553 1242 576 «
1261 535 1484 595 quomodo
1504 535 1580 579 fiet
1599 534 1717 580 istud
1740 551 1753 580 .-

365 624 385 647 »
424 607 607 666 Spiritus
645 615 819 650 sanctus
847 606 1125 665 superveniet
1156 606 1199 650 in
1224 616 1292 662 te,
1319 616 1362 651 et
1383 606 1520 666 virtus
1548 605 1755 653 Altissimi

367 697 385 718 »
421 677 705 721 obumbrabit
728 676 805 721 tibi
823 697 833 733 3
854 695 873 716 »
895 677 997 736 quia
1015 692 1090 736 spe
1102 677 1293 737 concipis
1311 676 1546 733 credendo,
1568 677 1613 722 in
1629 687 1755 723 utero

361 748 545 792 habebis
569 764 658 791 non
682 747 1019 792 concumbendo
1037 784 1047 803 ,
1078 767 1094 787 «
1118 747 1311 809 Ideoque
1343 758 1386 794 et
1412 749 1533 810 quod
1555 759 1756 794 nascetur

366 838 384 860 »
420 834 470 861 ex
495 827 535 862 te
558 827 773 873 sanctum,
799 818 1028 863 vocabitur
1048 818 1183 863 Filius
1200 819 1328 865 Dei.»
1349 823 1406 865 Et
1422 819 1644 881 quomodo
1665 835 1755 865 non

361 890 490 933 sontis
514 889 759 949 ingressum
783 892 895 950 ejus,
928 890 987 934 sic
1012 906 1101 935 non
1118 891 1274 935 senties
1300 906 1519 950 egressum
1536 892 1627 952 ejus
1644 907 1655 943 ;
1675 906 1755 936 nc-

361 977 448 1021 que
468 970 591 1005 utero
606 971 877 1007 tumescente
896 962 990 1006 laxa
1010 961 1232 1007 incedebis
1249 980 1260 1014 ;
1280 978 1370 1008 non
1388 963 1544 1007 senties
1563 961 1751 1022 pondus,

360 1034 461 1094 quia
486 1049 711 1094 nunquam
739 1035 878 1093 gravis
901 1044 964 1079 est
988 1031 1117 1079 D'eus.
1143 1038 1201 1080 Et
1235 1034 1370 1080 Maria
1388 1034 1448 1080 ait
1483 1054 1492 1080 2
1527 1034 1569 1080 Si
1590 1034 1650 1079 sic
1673 1044 1752 1092 est,

360 1114 409 1149 ut
426 1104 548 1160 dicis,
574 1105 777 1165 angelicis
801 1106 926 1151 dictis
947 1106 1047 1150 laeta
1075 1106 1161 1151 fide
1185 1107 1472 1152 accommodo
1493 1121 1684 1151 sensum.
1712 1107 1755 1152 Si

360 1176 476 1219 enim
497 1193 583 1221 non
598 1176 848 1232 credidero,
869 1178 928 1224 ei.
948 1178 1025 1238 qui
1042 1187 1083 1222 te
1097 1178 1228 1232 misit,
1247 1178 1450 1238 injuriam
1462 1176 1589 1233 facio,
1609 1177 1755 1238 etipsa

359 1256 481 1290 muta
509 1248 772 1304 remanebo,
819 1257 862 1292 et
892 1249 1111 1293 Zachariae
1143 1248 1293 1293 similis
1321 1264 1410 1294 ero.
1442 1251 1500 1294 Et
1526 1247 1751 1308 Angelus:

358 1319 396 1360 Ο
414 1317 569 1375 Virgo,
595 1317 684 1361 noli
706 1333 796 1362 esse
817 1317 1066 1374 incredula,
1092 1319 1168 1363 sed
1190 1318 1329 1364 fidelis
1351 1338 1360 1364 ε
1385 1338 1403 1359 «
1423 1319 1608 1379 Spiritus
1629 1334 1756 1365 sanc-

362 1408 381 1430 »
418 1397 487 1432 tus
515 1390 793 1449 superveniet
820 1390 866 1434 in
899 1399 964 1445 te,
1005 1399 1048 1434 et
1078 1390 1216 1435 virtus
1238 1390 1447 1436 Altissimi
1470 1390 1756 1437 obumbrabit

361 1480 382 1501 >1
419 1460 524 1518 tibi3
546 1482 561 1501 »
599 1477 688 1505 non
722 1462 897 1521 patieris
933 1471 1063 1506 aestus
1096 1461 1316 1518 libidinis,
1349 1463 1453 1524 quia
1484 1462 1658 1509 nullum
1691 1473 1755 1508 est

357 1547 467 1591 opus
491 1531 790 1589 mortalitatis,
836 1532 912 1577 sed
936 1549 1125 1593 praesens
1150 1543 1216 1578 est
1236 1535 1466 1595 conceptio
1494 1534 1750 1580 sanctitatis.

356 1605 414 1647 Et
446 1601 547 1647 1113ι
586 1623 594 1648 ;
631 1604 672 1647 Si
706 1604 764 1648 ita
799 1604 904 1648 mihi
942 1604 1188 1650 Altissimus
1222 1605 1358 1650 donat
1390 1604 1750 1663 foecunditatem,

355 1685 407 1718 ut
429 1690 518 1718 non
545 1673 713 1720 auferat
741 1676 1035 1735 virginitatem
1054 1712 1064 1732 ‚
1095 1694 1112 1717 «
1135 1679 1248 1722 Ecce
1270 1675 1428 1721 ancilla
1451 1676 1653 1733 Domini,
1678 1677 1754 1722 fiat

362 1765 381 1788 »
418 1747 525 1790 mihi
565 1747 808 1792 secundum
841 1748 1027 1792 verbum
1068 1758 1196 1793 tuum
1227 1754 1306 1805 (a).
1339 1768 1356 1790 »
1388 1750 1426 1794 Ο
1453 1748 1582 1794 beata
1602 1785 1614 1806 ,
1652 1766 1752 1811 quae

357 1817 558 1874 credidit,
575 1828 619 1863 et
635 1835 734 1880 quac
753 1819 944 1865 mundus
963 1836 1116 1880 capere
1134 1837 1225 1866 non
1244 1820 1404 1881 potuit,
1427 1820 1525 1865 sinu
1543 1821 1750 1881 gestavit3

358 1904 461 1932 aure
483 1890 709 1950 concepit,
745 1906 926 1951 corpore
961 1890 1125 1943 edidit3
1162 1891 1508 1953 redemptionem
1531 1891 1751 1939 eredenti-

355 1958 439 2003 bus
463 1960 696 2019 Virginitas
720 1961 993 2019 germinavit.

417 2034 498 2075 Ill.
520 2033 557 2076 O
574 2032 699 2077 beata
714 2034 848 2079 Maria
861 2070 872 2089 ,
891 2033 1001 2094 quid
1016 2043 1080 2080 est
1101 2035 1185 2080 hoc
1207 2033 1329 2096 quod
1350 2034 1492 2081 taliter
1513 2035 1752 2082 Dominum

356 2102 585 2147 meruisti?
608 2103 727 2148 unde
751 2105 834 2150 hoc
852 2106 1056 2166 accepisti
1069 2142 1083 2162 ,
1109 2116 1160 2151 ut
1175 2107 1322 2152 veniat
1338 2106 1395 2152 ad
1412 2116 1476 2163 te,
1495 2107 1573 2168 qui
1590 2107 1752 2154 creavit

358 2174 425 2217 te?
440 2172 573 2229 unde,
591 2175 787 2235 inquam,
806 2176 884 2220 tibi
899 2186 1070 2221 tantum
1085 2177 1280 2223 bonum?
1303 2179 1436 2237 Virgo
1449 2195 1509 2235 es,
1524 2188 1671 2224 sancta
1686 2194 1746 2234 03,

357 2253 510 2288 votum
532 2245 708 2302 vovisti,
736 2256 779 2291 et
801 2247 922 2307 quod
945 2248 1123 2304 vovisti,
1150 2249 1206 2293 ab
1228 2249 1303 2294 illo
1327 2250 1550 2310 accepisti,
1583 2250 1659 2296 sed
1680 2260 1749 2295 ta-

357 2330 458 2359 men
492 2332 675 2375 magnus
698 2328 762 2362 est
784 2335 914 2379 quem
942 2320 1143 2380 genuisti.
1171 2325 1341 2366 Laetare
1357 2358 1368 2378 ,
1389 2323 1649 2382 Virginitas,
1672 2321 1749 2367 lae-

359 2396 448 2431 tare
468 2388 664 2446 angelico
687 2391 841 2435 nuntio
860 2392 1130 2437 confirmata.
1159 2396 1272 2438 Ecce
1291 2393 1370 2439 tibi
1389 2395 1557 2454 integra
1576 2410 1748 2455 perma-

402 2496 446 2537 (ft)
470 2499 546 2528 Luc.
576 2510 604 2539 1,
625 2498 676 2530 38.

404 2566 502 2597 'Vide
521 2568 621 2599 Sei-m.
650 2579 756 2610 cuir,
786 2570 976 2613 Appendicis
1000 2572 1096 2603 Maur.
1119 2571 1171 2604 ubi
1202 2573 1359 2615 reperitur
1378 2573 1542 2615 persimilis
1570 2577 1747 2617 conceptus

356 2620 542 2654 verborum.
