1803 3276
421 238 476 278 94
850 256 883 283 s.
920 254 1150 288 At'otts'ruu
1183 259 1364 290 Emscom

1751 339 1754 350 ³
1790 336 1802 361 ‘il

966 388 1252 435 SYNOPSIS.
1784 340 1802 436 iii

464 515 492 550 1.
529 516 798 554 Concor-«lautia
831 520 1102 567 Prophetarum
1143 525 1180 560 et
1216 524 1481 570 Apostolorum
1519 527 1565 563 de
1600 521 1757 587 Nativio'j
1787 552 1796 575 ‚i

418 574 569 610 Christi.
589 575 637 611 11.
658 577 786 613 Maria·
806 579 1021 617 intemerata
1042 582 1076 616 in
1095 582 1272 628 pariendo
1295 584 1500 631 virginitas.
1735 640 1737 642 q
1788 621 1803 649 tl

475 687 507 728 l.
534 687 1116 745 Fmrnzsdilectissimi,non
1130 707 1260 752 parva
1275 693 1330 739 de
1344 694 1454 741 Filio
1466 697 1542 741 Dei
1555 693 1742 748 secundii
1790 696 1797 715 ‘¹

418 753 695 800 Divinitatem
730 757 864 804 locuti
889 776 1059 817 sumus,
1097 771 1140 807 et
1174 765 1469 812 resistentibus
1507 767 1554 813 in
1584 762 1743 831 quantit
1793 771 1799 823 ’Ϊ

411 826 635 883 potuimus
659 828 909 875 adversariis
932 847 1020 877 non
1044 836 1332 894 pepercimus.
1360 840 1487 883 Nunc
1506 838 1608 885 volo
1630 840 1686 886 ad
1707 842 1742 888 e*
1789 826 1803 871 ‘⁸'

413 898 761 944 incarnationem
785 902 1011 960 accedere,
1037 905 1138 966 quia
1163 906 1323 952 Filium
1345 910 1421 953 Dei
1440 925 1529 955 non
1546 859 1744 964 voluntti*
1800 912 1803 930 ¹

412 967 540 1012 etiam
565 970 750 1015 hominis
780 972 933 1017 filium.
965 994 985 1017 «
1015 978 1176 1021 Rorate
1208 977 1311 1023 coeli
1346 977 1556 1041 desuper,
1589 991 1633 1028 et
1660 974 1745 1031 nuh

414 1055 435 1077 »
470 1037 829 1101 pluantJustum3
851 1046 1068 1104 aperiatur
1086 1057 1198 1092 terra
1221 1058 1264 1093 et
1279 1050 1493 1109 germinet
1507 1047 1746 1105 Salvatoreii
1800 1050 1803 1075 ¹

412 1125 432 1148 »
467 1118 509 1153 ct
525 1110 692 1169 justitia
710 1114 875 1158 oriatur
893 1115 1045 1175 simul,
1065 1133 1145 1178 ego
1161 1120 1372 1166 Dominus
1395 1123 1537 1167 creavi
1556 1139 1657 1169 eum
1679 1116 1747 1244 (άὲ

412 1181 520 1222 Item
549 1181 655 1226 dicit
681 1198 688 1224 τ
729 1203 748 1226 «
782 1187 894 1230 Ecce
923 1188 1129 1246 parvulus
1152 1200 1280 1235 natus
1311 1202 1374 1237 est
1401 1193 1549 1251 nobis,
1586 1202 1630 1240 ct
1658 1195 1727 1242 fac

411 1266 431 1287 »
467 1259 530 1294 est
556 1252 824 1313 principatus
851 1272 980 1316 super
1011 1259 1215 1305 humeros
1240 1263 1355 1322 ejus,
1393 1273 1436 1309 et
1465 1265 1692 1312 vocabitur
1721 1259 1748 1315 fi
1795 1263 1803 1291 ¹7

409 1337 429 1360 »
465 1336 564 1364 men
603 1324 692 1383 ejus
724 1325 1025 1384 Admirabilis,
1052 1332 1354 1391 Consiliarius,
1385 1338 1500 1382 Deus
1532 1335 1677 1395 sortis,
1719 1328 1749 1386 1⁵

409 1408 428 1430 »
466 1399 530 1435 ter
547 1391 685 1438 futuri
702 1396 865 1453 saeculi,
888 1399 1092 1460 Princeps
1106 1403 1221 1461 pacis
1236 1403 1348 1463 (b).»
1370 1409 1480 1452 Item
1496 1409 1541 1452 in
1555 1408 1640 1455 alio
1658 1410 1759 1460 locet

408 1481 428 1503 «
462 1465 576 1508 Eece
599 1458 732 1525 Virgo
751 1470 968 1529 concipiet
989 1471 1035 1516 in
1060 1482 1208 1530 utero,
1235 1484 1279 1520 et
1296 1477 1435 1537 pariet
1462 1478 1625 1537 filium,
1651 1489 1695 1527 et
1713 1491 1750 1528 vt
1799 1536 1801 1541 ,

407 1551 426 1573 »
462 1534 633 1580 cabitur
660 1554 819 1584 nomen
845 1542 935 1602 ejus
960 1546 1221 1590 Emmanuel
1244 1550 1322 1607 (e).
1353 1567 1374 1591 »
1404 1551 1523 1597 Ordo
1546 1552 1626 1598 iste
1647 1554 1750 1617 itaqu

401 1606 638 1651 servandus
661 1619 745 1665 est,
781 1620 830 1654 ut
859 1611 1042 1674 loquens
1071 1615 1126 1660 de
1156 1619 1417 1678 Evangelio,
1453 1637 1544 1668 non
1566 1623 1750 1672 sileam(

403 1678 647 1737 Prophetis.
674 1683 730 1725 Et
753 1683 861 1742 quid
884 1685 972 1743 agis
995 1686 1049 1730 de
1060 1688 1196 1733 Paulo
1218 1691 1436 1751 apostolo,
1456 1695 1595 1755 quiin
1614 1696 1749 1743 exord

401 1748 607 1807 Epistola}
621 1767 709 1795 susc
732 1753 787 1797 ad
804 1758 1022 1802 Romanos
1039 1759 1233 1820 scripsit?
1251 1763 1455 1820 «Paulus,
1467 1765 1626 1828 inquit,
1643 1784 1751 1816 servl

403 1835 423 1859 »
461 1822 564 1864 Jesu
586 1823 769 1879 Christi,
795 1837 974 1873 vocatus
1009 1832 1265 1890 Apostolus,
1291 1846 1540 1896 segregatus
1571 1839 1617 1885 in
1640 1843 1751 1887 Evat

401 1905 420 1928 »
458 1889 570 1948 gelio
593 1893 691 1948 Dei,
717 1896 839 1955 quod
861 1907 961 1942 ante
985 1901 1241 1959 promiserat
1259 1920 1336 1965 per
1351 1908 1588 1968 Prophetas
1617 1926 1717 1958 suos
1739 1911 1751 1958 i
1802 1933 1803 1937 ¹

400 1976 421 1999 >›
458 1961 690 2022 Scripturis
724 1967 882 2012 sanctis
904 1968 958 2013 dc
981 1970 1091 2016 Filio
1114 1989 1215 2031 suo,
1241 1976 1318 2036 qui
1346 1976 1486 2023 factus
1501 1989 1564 2026 est
1587 1981 1627 2026 ei
1648 1998 1699 2029 ex
1718 1999 1752 2031 s<

399 2047 420 2070 »
454 2031 572 2076 mine
606 2034 744 2079 David
778 2040 1022 2085 secundum
1051 2059 1226 2090 carnem
1263 2045 1349 2106 (cl).
1379 2067 1399 2090 »
1427 2051 1643 2109 Audistis,
1684 2055 1753 2116 qui·

396 2101 684 2162 Evangelium
732 2122 821 2152 non
845 2110 1143 2171 exhiberetur,
1187 2117 1266 2162 nisi
1302 2134 1380 2179 per
1414 2122 1653 2183 Prophetas
1683 2139 1753 2172 am

395 2173 738 2231 promitteretur.
765 2179 959 2227 Audistis
977 2185 1078 2244 quia
1094 2186 1228 2232 Filius
1253 2189 1331 2234 Dei
1349 2193 1593 2239 secundum
1615 2196 1753 2242 Divini

397 2250 527 2287 tatem
547 2243 687 2290 factus
710 2258 773 2293 cst
797 2248 910 2295 filius
928 2252 1115 2301 hominis
1149 2276 1168 2300 «
1194 2260 1257 2303 Ex
1281 2261 1443 2307 semine
1468 2265 1603 2310 David
1626 2282 1754 2315 secun

395 2330 414 2353 »
450 2312 557 2358 dum
581 2332 755 2363 carnem
778 2321 856 2379 (e).
895 2325 1058 2377 »Quid
1086 2336 1149 2372 est
1184 2329 1301 2374 enim
1344 2332 1389 2376 in
1421 2350 1510 2395 quo
1545 2337 1753 2398 Propheta

389 2386 595 2430 contrarii
618 2399 720 2434 sunt
742 2391 984 2452 Evangelio
1002 2397 1020 2440 P
1046 2397 1158 2442 Dicit
1178 2398 1395 2461 Propheta
1421 2423 1430 2449 :
1461 2424 1481 2448 «
1499 2408 1659 2454 Rorate
1676 2408 1754 2457 coe]

391 2472 412 2495 »
447 2454 632 2517 desuper
649 2469 693 2505 et
713 2461 852 2507 nubes
870 2462 1024 2524 pluant
1045 2470 1068 2512 J
1074 2478 1219 2515 ustum
1242 2475 1260 2531 ζ
1257 2470 1303 2534 f
1300 2478 1363 2532 ),»
1390 2474 1750 2540 VeniatAngelus

433 2550 478 2592 (a)
503 2554 573 2586 lsai.
595 2566 668 2599 xiv,
686 2559 717 2590 8.
739 2575 781 2581 -
805 2559 848 2600 (b)
867 2562 913 2594 l‹l.
941 2573 992 2606 xi,
1019 2564 1051 2598 6.
1069 2583 1111 2591 --
1135 2566 1179 2609 (e)
1201 2569 1333 2614 ld.v111‚
1356 2570 1408 2615 14.
1432 2589 1474 2598 -·
1498 2574 1554 2616 (d)
1575 2577 1666 2611 Rom.
1689 2589 1719 2619 1,
1742 2563 1763 2626 ιζ

387 2622 427 2630 -—
452 2607 588 2649 (enbid.
611 2611 641 2644 3.
663 2629 705 2638 —
729 2614 793 2657 (s)
818 2617 888 2650 lsai.
911 2629 983 2662 xm,
1005 2621 1036 2654 8.
1760 2636 1762 2652 '
