1803 3276
278 191 360 228 -202
706 199 740 224 s.
777 195 1007 224 Accusrmt
1040 197 1222 224 nmscopx

270 267 412 311 ciente
434 264 522 309 vini
547 264 721 324 poculo,
748 279 880 323 aquas
905 264 947 306 in
962 263 1114 306 xinum
1131 262 1362 307 convertit.
1390 264 1557 308 Sumite
1580 266 1662 310 ita—

270 352 357 398 que
378 337 486 389 ba‘e,
507 344 550 379 et
574 343 822 379 constanter
839 334 995 378 sumite
1018 336 1187 393 Corpus
1209 333 1326 393 pacis
1348 343 1392 379 et
1412 335 1529 379 vitae.
1554 338 1663 381 Nam

270 424 402 471 quem
422 424 505 468 pax
529 407 725 462 obtinet,
752 407 871 450 bunc
900 421 1029 450 suum
1050 406 1268 462 Christus,
1294 406 1371 467 qui
1392 416 1457 452 est
1472 406 1598 451 simul
1622 416 1666 452 et

271 497 352 542 pax
377 489 420 523 ct
442 488 552 529 vita,
578 488 814 537 eognosc1t.

330 556 386 598 X.
423 555 538 611 Ergo
562 552 594 596 si
621 552 717 611 quis
740 549 795 594 ad
816 551 900 594 boc
920 558 1240 594 sacramentum
1276 558 1456 610 peccato
1490 550 1636 595 deficit
1651 587 1663 607 ,

270 640 377 687 pace
401 631 639 683 reparetur.
668 624 997 666 Sacramentum
1019 630 1099 675 est,
1120 629 1172 664 ut
1193 618 1314 676 dicit,
1340 622 1457 682 pacis
1479 631 1523 666 et
1544 622 1662 667 vitae.

270 700 503 741 Peccatum
526 691 655 737 morti
680 691 974 747 obsecundat,
990 691 1093 735 vitae
1115 689 1384 736 adversatur.
1412 691 1496 737 Sed
1513 692 1562 748 si,
1587 694 1664 737 ut¹

270 784 314 813 se
330 766 763 811 infirmitashumana
782 764 940 819 babet,
961 764 1007 807 in
1028 764 1118 808 vita
1140 773 1287 809 nostra
1309 762 1500 809 fortassis
1517 765 1668 810 incur-

271 848 360 895 rat,
386 836 506 882 nulla
532 836 612 881 alia
635 852 680 881 re
699 836 833 895 magis
856 850 990 896 quam
1007 850 1114 894 pace
1132 845 1422 895 expugnatur.
1451 839 1568 896 Ergo
1591 837 1669 881 etsi

272 919 373 955 sunt
393 908 574 963 delicta,
598 908 699 969 quia
723 906 894 965 fragiles
915 921 1079 962 sumus,
1096 922 1187 951 non
1209 907 1295 951 sint
1312 907 1542 963 mortifica,
1567 907 1671 969 quia

273 980 456 1036 Christi,
481 980 558 1040 qui
576 980 662 1024 vita
683 988 767 1033 est,
793 980 962 1037 Corpus
982 977 1231 1038 accipimus.
1259 977 1379 1023 Illud
1407 988 1553 1023 autem
1574 994 1672 1038 spe-

273 1052 439 1098 cialiter
461 1051 583 1113 quod
605 1053 650 1095 in
682 1051 890 1095 Oratione
912 1050 1147 1106 dominica,
1174 1060 1411 1112 antequam
1432 1050 1487 1095 ad
1509 1049 1671 1094 altare²

275 1124 554 1179 accedamus,
588 1122 794 1178 dicimus,
827 1131 920 1167 toto
958 1122 1090 1167 eorde
1124 1131 1297 1182 oportet
1320 1122 1487 1166 attendi
1513 1141 1522 1167 :
1552 1141 1572 1163 «
1595 1121 1673 1166 Di-

278 1213 298 1238 »
333 1195 458 1239 mitte
488 1194 614 1239 nobis
637 1193 784 1238 debita
803 1203 948 1238 nostra
962 1229 972 1248 ,
993 1193 1105 1238 sicut
1126 1203 1170 1237 et
1192 1208 1270 1237 nos
1301 1193 1562 1238 dimittimus
1591 1192 1672 1237 de-

278 1285 298 1308 »
334 1266 426 1310 bita
457 1264 731 1309 debitoribus
761 1265 919 1309 nostris
937 1269 1012 1323 xa).
1042 1282 1062 1305 »
1088 1264 1336 1309 Dimittitur
1363 1264 1469 1320 tibi,
1497 1280 1674 1310 securus

276 1336 448 1392 accede,
461 1335 537 1381 sed
553 1336 654 1381 vide
676 1336 709 1380 si
727 1335 911 1380 dimittis
929 1356 940 1393 3
960 1351 1078 1392 nam,
1104 1336 1138 1380 si
1162 1352 1252 1381 non
1272 1335 1472 1393 dimittis,
1499 1336 1670 1383 audies:

278 1428 300 1452 ι(
337 1411 466 1454 Serve
484 1423 698 1470 nequam,
724 1423 853 1453 omne
876 1407 1078 1453 debitum
1100 1406 1245 1454 dimisi
1270 1408 1372 1464 tibi,
1393 1408 1497 1469 quia
1513 1407 1675 1468 rogasti

277 1497 298 1521 »
332 1496 430 1537 me,
459 1496 606 1525 nonne
629 1496 732 1540 ergo
754 1480 951 1541 oportuit
973 1489 1017 1524 et
1050 1489 1093 1524 te
1126 1496 1306 1541 quoque
1344 1480 1537 1524 misereri
1564 1495 1673 1525 con-

278 1572 299 1595 »
335 1568 458 1598 servo
479 1562 557 1597 tuo
578 1551 654 1614 (b).
684 1569 705 1593 »
738 1552 852 1597 Dicit
873 1551 955 1596 tibi
975 1551 1107 1596 etiam
1125 1551 1389 1612 Apostolus:
1413 1572 1435 1596 «
1454 1552 1674 1606 Quoniam

278 1643 299 1667 »
334 1625 411 1685 qui
434 1623 674 1668 manducat
697 1633 741 1668 et
762 1623 876 1668 bibit
897 1622 1100 1682 indigne,
1129 1623 1349 1685 judicium
1373 1623 1454 1668 sibi
1481 1622 1673 1668 mandu-

278 1713 300 1738 »
336 1705 405 1740 cat
421 1704 465 1739 et
487 1695 623 1750 bibit,
648 1711 738 1739 non
754 1694 958 1755 judicans
981 1697 1151 1755 Corpus
1167 1695 1237 1757 (c).
1262 1715 1283 1738 »
1305 1696 1348 1741 Si
1374 1696 1492 1740 enim
1514 1711 1674 1756 corpus

270 1766 526 1828 judicasset,
560 1782 789 1827 nunquam
825 1767 1076 1811 membrum
1109 1768 1246 1813 otiose
1279 1768 1510 1828 parasset3.
1549 1770 1674 1821 Quo-

279 1838 355 1883 ties
385 1853 488 1897 ergo
521 1836 577 1882 ad
613 1836 748 1882 altare
774 1838 950 1883 Domini
977 1839 1287 1896 convenimus,
1318 1855 1402 1900 pax
1431 1838 1668 1894 offeratur,

275 1919 318 1953 ct
348 1909 487 1953 securi
510 1923 660 1953 sumus
683 1909 805 1970 quod
825 1910 914 1954 vita
937 1919 1159 1967 sumatur,
1184 1927 1263 1972 per
1296 1912 1537 1956 Dominum
1567 1926 1672 1955 nos-

275 1990 393 2025 trum
430 1983 580 2024 Jesum
617 1981 862 2039 Christum,
909 1982 986 2043 qui
1028 1981 1137 2027 vivit
1178 1992 1221 2027 et
1256 1992 1411 2043 regnat
1440 1982 1487 2028 in
1514 1980 1673 2028 saecula

275 2051 551 2098 saeeulorum.
597 2054 753 2097 Amen.

323 2159 368 2200 (α)
387 2158 499 2191 Mariti.
525 2171 557 2190 w
571 2183 580 2201 ,
608 2169 657 2192 12.
672 2176 714 2182 -—
738 2158 842 2200 (bud.
861 2170 936 2192 xvlu
951 2184 960 2201 ,
980 2158 1035 2192 32.
1049 2176 1092 2183 —
1117 2160 1161 2203 (c)
1183 2172 1195 2193 1
1209 2160 1283 2194 Cor.
1304 2172 1357 2204 xl,
1379 2170 1434 2204 29.

327 2234 335 2249 ¹
355 2227 463 2259 Codex
492 2227 574 2260 male
600 2228 700 2259 sicut.
728 2244 770 2249 —-
802 2234 814 2249 ²
839 2228 946 2259 Codex
976 2238 1034 2270 per
1066 2239 1267 2269 anagramma
1297 2229 1449 2261 vitiosum
1479 2228 1602 2261 latera.
1630 2243 1674 2252 -

280 2283 293 2307 ³
308 2285 494 2321 Panassa,-
518 2285 646 2316 videtui·
659 2285 910 2317 subaudiendum
927 2297 963 2316 se
981 2290 1056 2317 aule
1087 2294 1267 2329 parasset,
1293 2288 1336 2319 ita
1360 2291 1395 2319 ut
1415 2296 1524 2318 sensus
1546 2286 1587 2318 sit
1605 2298 1612 2317 ε
1637 2285 1676 2317 Si

278 2353 400 2385 corpus
411 2340 619 2386 just-‘cavea
640 2354 812 2386 nimquam
830 2342 1010 2374 membrum
1028 2343 1133 2374 ols'ose
1144 2355 1180 2374 se
1193 2353 1366 2387 parmset.
1379 2344 1490 2377 Facilis
1502 2343 1565 2376 fuit
1582 2353 1673 2375 error

279 2397 477 2429 amanuensis
500 2397 542 2429 ob
561 2398 816 2431 immutationem
834 2398 924 2431 verbi
942 2399 1152 2441 put-cedentis
1174 2400 1292 2433 otiose.

1752 242 1773 306 ¹⁴l
