1803 3276
283 208 421 234 senno
454 208 555 235 ΧΠ.
593 209 645 239 DF,
677 205 902 235 ρΑςτΙΤΑΤΕ
934 207 1085 234 Josnrn
1121 208 1409 237 PATRIARCHAE.
1459 197 1542 238 2⁴:¹2

160 273 308 317 infelix
328 274 486 317 mulier
508 274 552 317 in
571 273 742 318 occulto
764 274 961 328 tentavit,
978 271 1141 318 domini
1166 276 1229 318 sui
1251 274 1378 320 sideni
1403 291 1452 319 ex
1475 275 1545 319 in-

161 353 280 404 tegro
312 345 583 390 conservavit
596 347 622 388 ¹.

217 419 298 460 111.
335 415 624 460 Venundatur
641 415 771 472 igitur
789 416 949 476 Josepli
970 416 1255 471 castissimus,
1288 416 1333 460 in
1355 418 1544 476 fegyptia

157 487 289 532 domo
305 486 492 532 traditur
509 523 519 542 ,
547 487 760 531 Pharaoni
779 488 891 546 regi‘2
915 486 1101 530 fideliter
1123 488 1374 531 serviturus
1397 487 1546 546 Diligi-

158 566 229 601 tur
253 574 275 608 a
299 557 502 613 domino,
529 567 572 602 et
602 567 771 602 amatur
799 575 819 602 a
850 557 1042 602 domina.
1072 557 1156 603 Sed
1179 558 1343 604 domini
1380 559 1546 602 sincera

157 628 353 684 dilectio,
385 629 486 690 quia
514 627 587 673 ille
627 645 707 689 pro
747 628 834 673 fide
861 645 1047 689 puerum
1079 628 1315 688 diligebat,
1341 645 1442 674 nam
1472 629 1546 674 illa

155 715 283 744 causa
304 699 496 744 libidinis
518 700 822 760 amplectebat.
845 701 1055 744 Dominus
1078 700 1123 743 in
1146 700 1232 745 fide
1255 701 1438 761 probata
1466 701 1546 745 lae-

155 770 346 826 tabatur,
358 781 401 814 ct
415 770 590 815 domina
604 772 649 815 in
663 771 817 816 decore
836 772 1026 832 corporis
1040 772 1297 831 angebatur.
1315 774 1548 817 Crescente

156 851 303 886 autem
342 851 562 902 tempore,
608 844 829 888 erescebat
872 853 915 887 et
949 843 1122 904 juvenis
1155 843 1455 904 pulchritudo.
1492 845 1551 888 Et

153 922 368 974 quantum
390 912 462 957 ille
485 914 705 959 crescebat
725 915 771 958 in
788 930 968 974 corpore
982 950 992 968 ,
1010 923 1180 958 tantum
1202 914 1453 973 AEgyptiam
1467 928 1548 973 pro

153 985 334 1029 crimine
352 1001 473 1030 amor
489 987 676 1045 urgebat
700 987 756 1030 ad
772 985 1001 1030 libidinem
1016 1007 1027 1043 3
1044 1001 1143 1046 quae
1159 1000 1261 1043 cuin
1284 984 1448 1028 diutius
1456 986 1547 1045 jam

152 1056 265 1101 ferre
278 1073 366 1101 non
387 1067 532 1117 posset
544 1059 719 1117 igneum
734 1058 885 1102 caloris
899 1057 1115 1112 ardorem,
1133 1056 1401 1117 splendentis
1417 1059 1551 1118 juve-

153 1128 218 1172 nis
240 1128 511 1173 inflammata
533 1127 712 1185 decore,
734 1129 918 1188 cogitat,
941 1128 1118 1173 diabolo
1132 1129 1417 1183 immittente,
1444 1143 1554 1188 quo-

151 1198 284 1244 modo
321 1209 464 1260 posset
505 1200 785 1245 innocentem
823 1199 1065 1245 solitarium
1098 1215 1252 1259 capere
1274 1200 1320 1243 in
1358 1199 1547 1244 silentio.

151 1272 299 1333 Coepit
321 1287 422 1330 ergo
439 1272 640 1332 primitus
658 1273 862 1317 meretrix
896 1273 1169 1332 semetipsam
1192 1281 1362 1332 aptare,
1389 1281 1549 1332 putans

142 1344 315 1404 jtlvenis
355 1344 550 1389 animum
588 1343 716 1389 facile
758 1344 968 1389 inclinare
989 1365 1000 1402 3
1036 1344 1303 1388 aromatibus
1347 1342 1549 1402 pretiosis

150 1424 314 1460 vestem
337 1415 546 1474 fumigat,
570 1425 796 1475 unguento
818 1415 1044 1461 mortifero
1067 1431 1224 1475 eorpus
1247 1414 1434 1459 inundat
1453 1435 1463 1471 3
1489 1414 1550 1458 ita

150 1495 224 1542 ut,
263 1496 499 1548 antequam
526 1487 665 1532 oculis
687 1487 931 1543 videretur,
958 1488 991 1531 si
1026 1488 1158 1531 homo
1200 1485 1365 1530 ferreus
1407 1494 1546 1541 esset,

150 1557 360 1603 odoribus
384 1558 510 1603 facilc
532 1568 800 1603 moveretur.
830 1559 915 1604 Sed
936 1559 1069 1618 ipsius
1096 1557 1278 1602 athletae
1307 1557 1548 1609 luctamen,

151 1632 342 1686 Fratres,
381 1631 579 1691 primitus
620 1630 912 1685 declaremus,
953 1628 1176 1691 quomodo
1208 1629 1442 1688 pugnavit,
1479 1625 1548 1671 vel

149 1702 337 1763 qualiter
354 1703 532 1748 adversa
557 1713 824 1748 tentamenta
845 1702 1101 1746 fortissimus
1125 1701 1360 1761 superavit.
1388 1699 1547 1744 Primi-

150 1782 219 1818 tus
258 1790 358 1818 eum
393 1776 601 1835 juventus
644 1775 818 1835 propria
860 1773 1128 1834 provocabat
1145 1794 1155 1830 3
1173 1771 1364 1815 secundo
1408 1769 1548 1815 l‘rbido

148 1844 406 1891 intrinsecus
450 1845 656 1890 titillabat
680 1867 690 1902 3
738 1844 839 1889 foris
881 1860 984 1888 vero
1029 1842 1187 1887 mulier
1235 1841 1513 1902 expugnabat
1533 1875 1544 1896 ,

149 1917 436 1978 omniumque
449 1917 668 1962 bonorum
686 1917 854 1976 copiam
877 1915 1176 1975 promittebat,
1198 1913 1377 1974 quando
1391 1912 1547 1956 adver-

149 2003 220 2032 sus
243 2003 340 2032 eum
359 1988 524 2032 aditum
547 1988 818 2049 inquirebat,
841 1987 942 2048 quia
961 1986 1175 2029 desiderio
1198 2001 1276 2029 suo
1299 1983 1546 2028 satisfacere

149 2059 367 2119 cupiebat.
395 2062 595 2120 Cumque
623 2075 666 2104 se
699 2057 931 2118 impudens
956 2057 1137 2101 foemina
1164 2056 1295 2100 tantis
1329 2054 1546 2099 illecebris

149 2130 438 2186 circumdata,
465 2130 646 2174 minime
665 2139 861 2174 cerneret
878 2130 1085 2189 juvenem
1105 2143 1258 2187 capere
1280 2142 1426 2186 posse,
1452 2127 1544 2185 ipsa

149 2203 280 2247 etiam
310 2217 388 2263 per
419 2217 462 2246 se
489 2202 626 2262 ipsam
650 2201 695 2245 in
718 2199 974 2246 cubiculum
997 2199 1186 2257 ingressa
1205 2234 1215 2254 ,
1243 2197 1349 2242 dum
1372 2199 1543 2241 intran—

149 2283 238 2319 tem
278 2273 536 2319 intrinsecus
573 2273 711 2317 cernit
734 2308 745 2329 ,
783 2270 998 2317 conclusit
1025 2272 1262 2332 juvenem,
1300 2267 1544 2313 solitarium

198 2406 300 2438 ¹Vide
315 2408 486 2439 Sermones
504 2416 625 2446 cccmx,
644 2415 675 2437 n.
697 2405 737 2447 3,
759 2409 792 2437 et
806 2415 951 2445 eccuni,
978 2414 1009 2435 ni
1031 2402 1065 2442 6,
1087 2413 1119 2445 7,
1141 2404 1174 2434 8.
1204 2418 1246 2425 —-
1273 2407 1286 2423 ²
1300 2402 1368 2434 Non
1386 2398 1543 2432 Pharaoni

148 2462 228 2505 regi,
240 2463 296 2494 sed
305 2462 447 2503 ejusdem
461 2461 614 2504 Spadoni,
628 2466 665 2493 ut
675 2461 754 2493 dicit
768 2461 956 2502 Augustinus
969 2461 1082 2497 Quaest.
1104 2459 1136 2490 in
1153 2460 1265 2490 Genes.
1284 2459 1399 2495 Quaest.
1409 2465 1539 2487 cxxxvi.

149 2519 285 2551 servivit
309 2518 440 2561 Joseph.
467 2518 557 2550 Unde
566 2517 762 2549 credendum
781 2521 830 2548 est
854 2522 908 2548 aut
926 2519 1070 2547 sanctum
1092 2517 1267 2547 Doctorem
1278 2512 1435 2556 loquendo
1452 2510 1541 2553 lapsu

151 2574 332 2615 memoriae,
351 2577 407 2607 aut
423 2583 646 2607 amanuensem
666 2573 838 2606 scribendo
855 2571 1038 2604 attentionis
1056 2570 1190 2603 defectu
1206 2579 1340 2603 errasse.
