1803 3276
399 234 538 263 sinino
570 235 662 262 xv1.
698 235 741 262 IN
776 232 932 261 NATAm
966 236 1121 263 nomm
1158 239 1200 266 x.
1460 228 1534 265 1⁶21

151 303 227 364 qui
239 300 484 346 coelestium
502 300 704 346 obtinent
716 297 852 354 sedes,
874 299 950 360 qui
965 300 1175 345 hodierna
1188 302 1274 357 die,
1291 303 1540 348 Pastoribus

151 372 449 429 audientibus,
465 373 679 430 hymnum
692 369 896 425 clamant,
913 369 1104 415 dicentes
1124 391 1132 416 :
1155 371 1327 417 «Gloria
1340 374 1384 417 in
1402 374 1543 418 excel-

153 462 174 487 »
214 444 269 489 sis
284 447 390 499 Deo,
409 452 453 487 et
472 443 517 487 in
533 452 646 487 terra
662 457 745 502 pax
765 441 1020 487 hominibus
1035 442 1163 487 bonae
1179 442 1416 488 voluntatis
1428 449 1506 501 (ιι).
1518 464 1537 486 »

158 518 338 560 Terram
353 523 555 560 naturam
571 513 807 557 humanam
826 528 915 557 esse
933 528 1168 573 cognosce,
1188 530 1306 559 mare
1323 531 1425 561 vero
1448 532 1543 560 om·-

150 601 254 632 nem
277 585 516 642 mundum,
542 593 585 630 et
611 600 711 645 quae
744 584 790 629 in
816 600 868 629 eo
898 594 1000 630 sunt
1027 586 1071 630 in
1100 601 1358 643 commune,
1394 588 1541 648 Scrip-

146 667 246 703 tura
294 657 534 716 signifieat,
576 656 737 718 quibus
778 656 991 702 hodierna
1028 656 1099 702 die
1135 658 1346 705 Nativitas
1380 660 1541 705 Christi

148 728 408 788 immensam
429 727 631 772 laetitiam
653 728 886 789 generavit.
912 731 1047 774 Natus
1070 738 1133 773 est
1155 730 1350 774 Christus
1369 745 1419 774 ex
1441 731 1542 775 Vir-

147 800 262 859 gine,
294 808 346 844 ut
371 814 451 844 nos
468 814 746 844 nasceremur
768 815 819 843 ex
839 799 1004 860 Spiritu
1025 810 1190 845 saneto.
1216 801 1303 855 Qui
1326 810 1429 863 ante
1443 817 1542 846 om·-

146 871 219 916 nia
239 870 396 916 saecula
416 881 481 916 est
502 881 730 931 generatus
752 886 803 916 ex
825 875 973 928 Patre,
999 871 1212 917 hodierna
1234 872 1305 917 die
1327 883 1454 919 natus
1477 883 1541 919 est

146 958 197 988 ex
218 943 398 1003 Virgine
414 953 567 989 matre.
591 946 749 989 Factus
768 944 883 987 enim
901 959 952 988 ex
968 947 1123 1000 Matre,
1144 945 1381 1004 permansit
1398 945 1444 989 in
1462 949 1540 991 Pa-

144 1023 226 1059 tre.
246 1016 358 1060 Nam
382 1014 464 1076 qui-
490 1029 662 1074 semper
682 1023 769 1070 est,
795 1013 936 1059 factus
968 1023 1032 1059 est
1064 1013 1187 1076 quod
1208 1031 1298 1060 non
1319 1025 1438 1072 erat,
1460 1032 1540 1062 nec

144 1085 271 1132 desiit
292 1101 382 1132 esse
399 1087 523 1148 quod
543 1096 650 1132 erat.
673 1089 833 1132 Factus
850 1096 915 1132 est
932 1103 1123 1149 namque
1143 1088 1278 1133 homo
1299 1087 1420 1149 quod
1449 1105 1540 1134 non

143 1167 258 1215 erat,
290 1168 341 1204 ut
370 1159 431 1204 ait
459 1157 694 1219 Apostolus
715 1178 725 1205 z
750 1178 767 1199 «
791 1162 950 1204 Factus
973 1175 1024 1204 ex
1046 1159 1249 1216 muliere,
1281 1158 1421 1205 faetus
1457 1161 1539 1205 sub

147 1249 166 1271 »
202 1228 312 1288 lege,
329 1238 380 1274 ut
393 1239 464 1276 eos
479 1230 557 1291 qui
570 1229 651 1275 sub
674 1228 768 1289 lege
790 1239 913 1274 erant
928 1228 1276 1289 recliineret(b)·,»
1301 1232 1539 1291 permansit

144 1310 292 1345 autem
314 1303 429 1346 Deus
459 1316 549 1346 esse
581 1301 704 1363 quod
739 1300 896 1346 suerat.
923 1302 1133 1348 Nativitas
1164 1302 1408 1363 siquidem,
1437 1319 1538 1364 quse

142 1372 387 1418 secundum
403 1390 579 1419 carnem
603 1383 682 1430 est,
704 1383 746 1418 et
764 1375 890 1419 nobis
910 1374 1095 1435 profuit,
1122 1384 1165 1420 et
1184 1374 1246 1419 illi
1267 1391 1357 1420 non
1375 1374 1534 1430 obfuit,

142 1446 245 1507 quia
264 1446 391 1492 nobis
413 1446 695 1507 adoptionem
712 1446 905 1491 filiorum
938 1446 1148 1504 contulit,
1174 1456 1218 1491 et
1246 1446 1337 1509 ipse
1369 1447 1416 1492 in
1431 1447 1536 1492 Dei-

142 1525 231 1561 tate
245 1517 419 1577 propria
437 1533 539 1562 cum
552 1521 681 1563 Patre
694 1518 949 1578 permansit.

202 1592 260 1633 ΙΙ.
288 1588 523 1635 Inclinavit
539 1590 656 1634 enim
675 1605 718 1635 se
735 1626 745 1646 ,
771 1606 871 1635 cum
895 1590 1093 1635 sublimis
1115 1601 1249 1648 esset,
1275 1600 1326 1635 ut
1347 1605 1442 1647 nos,
1458 1591 1535 1652 qui

140 1660 551 1716 incurvatieraimts,
564 1661 764 1721 erigeret.
781 1665 1014 1707 Incurvata
1022 1661 1237 1723 siquidem
1247 1663 1537 1707 erathumana

139 1742 296 1778 natura
309 1743 409 1778 ante
422 1732 660 1779 adventum
668 1733 859 1790 Domini,
872 1743 1154 1795 peccatorum
1169 1750 1300 1779 onere
1314 1735 1514 1794 depressa
1523 1768 1532 1778 .

138 1807 196 1850 Et
207 1805 385 1867 quidem
396 1821 439 1850 se
448 1805 493 1850 in
506 1806 670 1867 peccati
681 1804 838 1851 vitium
853 1815 1093 1866 spontanea
1100 1806 1327 1852 voluntate
1336 1821 1537 1851 curvave-

140 1887 223 1935 rat,
239 1877 485 1939 sed-sponte
499 1894 545 1925 se
560 1878 726 1938 erigere
747 1893 837 1923 non
848 1878 1037 1924 valebat.
1055 1878 1254 1940 Denique
1272 1878 1537 1923 incurvatio-

140 1949 209 1993 nis
229 1949 361 2010 hujus
377 1950 567 1995 miserias
582 1985 593 2006 ,
614 1965 722 2011 quas
736 1950 870 1994 homo
883 1947 1112 1994 tolerando
1131 1949 1347 2007 gemebat,
1364 1959 1537 1993 sanctus

140 2021 362 2081 Propheta
379 2021 547 2066 deflens
580 2020 794 2066 exclamat
820 2021 866 2065 in
886 2020 1091 2078 Psalmis,
1123 2030 1167 2067 et
1189 2021 1296 2066 <licit
1331 2040 1340 2067 :
1371 2021 1537 2067 «Miser

143 2109 164 2134 »
187 2091 329 2138 factus
347 2108 463 2150 sum,
480 2103 523 2138 et
544 2102 749 2139 curvatus
766 2108 906 2154 usque
924 2093 970 2138 in
987 2093 1137 2149 finem,
1158 2102 1249 2138 tota
1267 2092 1338 2138 (lie
1352 2094 1538 2138 contris-

142 2182 163 2206 »
187 2172 301 2208 tatus
317 2163 593 2224 ingrediebar
605 2169 678 2222 (c).
699 2167 807 2210 Tota
825 2163 912 2221 die,
936 2182 956 2205 »
984 2173 1126 2209 totum
1144 2173 1316 2225 tempus
1336 2173 1437 2209 ante
1459 2163 1538 2209 ad-

139 2244 322 2281 ventum
332 2236 492 2282 Christi
515 2236 729 2296 significat
748 2239 778 2293 ¹,
805 2253 894 2298 quo
908 2237 1154 2283 humanum
1177 2253 1313 2297 genus
1331 2237 1452 2298 quasi
1467 2237 1537 2281 in-

141 2315 372 2353 curvatum
381 2306 610 2353 ambulans
621 2308 979 2364 contristabatur,
1001 2309 1105 2370 quia
1130 2325 1218 2354 non
1234 2308 1539 2354 inveniebatur

142 2379 220 2440 qui
239 2395 423 2425 curvum
441 2380 639 2439 erigeret,
660 2381 738 2442 qui
754 2380 876 2442 lapso
889 2383 905 2406 2
921 2382 965 2426 in
983 2382 1150 2442 peccati
1166 2380 1336 2426 foveam
1358 2396 1536 2426 manum

187 2487 233 2528 (a)
253 2490 329 2521 Luc.
350 2500 390 2531 ιι,
412 2487 462 2532 14.
486 2506 527 2512 --
551 2489 593 2531 (b)
613 2489 716 2523 Galat.
738 2501 785 2533 tv,
801 2488 835 2534 4,
855 2489 887 2523 5.
908 2508 949 2514 -·
975 2490 1017 2532 (c)
1036 2491 1116 2524 Psal.
1137 2500 1256 2534 xxxxv,
1279 2502 1312 2534 7.

190 2561 199 2576 ¹
216 2555 294 2588 vide
308 2557 410 2591 Serm.
429 2567 545 2592 cenxcn
560 2582 569 2600 ‚
601 2561 634 2591 et
654 2560 797 2593 Euarrat.
818 2558 847 2596 in
867 2558 946 2592 psal.
966 2570 1084 2602 xxxvii,
1105 2569 1135 2592 n.
1157 2569 1205 2593 ιο.
1229 2576 1270 2584 --
1297 2566 1310 2583 ²
1326 2559 1434 2592 Codex
1454 2557 1538 2592 male

141 2609 288 2654 lapsum.
