1803 3276
457 314 594 341 SEaMo
627 316 673 340 ιι.
710 316 753 340 nv
786 313 1049 341 sExAussstMA
1085 317 1128 340 ιι.
1404 306 1485 343 353

101 383 154 416 nis
171 381 206 416 in
226 390 384 423 vermes,
403 386 485 426 post
503 390 648 415 vermes
665 380 701 415 in
721 380 911 425 pulverem
927 379 1103 415 redactus
1120 391 1215 415 sum.
1237 382 1305 417 Ubi
1323 394 1417 417 nunc
1433 390 1489 417 cst

100 439 274 486 superbia
292 439 377 475 vitae
389 439 406 473 Τ
427 438 490 474 ubi
509 439 694 475 illecebrae
711 449 753 474 ae
766 440 977 485 voluptates
995 440 1199 474 vitiorum?
1216 441 1277 475 ubi
1300 441 1493 477 blandiens

102 499 229 534 uxoris
248 497 429 533 affectus?
448 497 510 532 ubi
527 496 739 533 increscens
761 498 923 533 filiorum
937 496 1155 542 profectus?
1170 497 1233 533 ubi
1251 498 1426 535 obediens
1445 499 1491 533 sa-

102 556 292 592 mulorum
321 554 547 602 apparatus?
578 554 641 591 ubi
666 556 856 591 annuatim
887 556 1047 590 cedens¹
1072 565 1270 604 agrorum,
1295 559 1491 592 vinearum

104 624 377 660 nemorumque
394 612 590 650 redditus?
609 614 672 650 ubi
692 613 956 650 thesaurorum
976 614 1231 658 gravissimum
1246 615 1414 659 pondus?
1432 617 1494 652 ubi

106 673 266 709 vestium
277 672 428 710 diverso
447 672 650 716 schemate,
670 683 777 717 auro,
798 674 954 718 gemmis
973 683 1015 709 ae
1039 673 1251 717 margaritis
1268 674 1413 721 fulgens
1432 686 1495 710 or-

108 729 241 767 natus?
256 730 333 775 ubi,
348 731 514 777 inquam,
530 731 609 768 haec
627 730 749 767 omnia
765 737 874 768 sunt?
890 732 1066 770 Attendis
1079 733 1271 777 nimirum,
1288 734 1355 769 nisi
1371 743 1496 771 caecus

109 800 161 834 es,
179 789 266 836 quia
282 800 433 826 mecum
446 789 523 836 jam
540 801 616 827 non
634 796 734 826 sunt.

156 847 285 884 XVII.
314 848 465 885 Utinam
493 854 621 885 autem
645 855 685 884 et
711 848 820 891 illius,
848 849 956 897 cujus
980 851 1192 898 exemplum
1221 852 1303 888 talia
1334 853 1498 898 quodam

109 908 222 944 modo
230 907 379 951 clamat,
388 913 425 944 et
438 913 577 952 vestra,
594 908 730 954 quihus
744 909 830 945 talia
842 908 988 954 clamat,
998 909 1076 947 haee
1093 911 1168 947 sola
1183 910 1368 946 damnatio
1384 917 1479 947 esset
1492 938 1502 955 ,

113 971 151 1003 et
164 977 237 1003 non
254 967 378 1014 potius
397 972 581 1003 aeternum
603 967 833 1013 subsequens
852 973 1096 1004 tormentum.
1113 969 1251 1005 Audite
1277 980 1360 1015 quae
1377 970 1422 1005 sit
1435 970 1502 1004 ini-

113 1025 262 1073 piorum
275 1025 475 1071 habitati03
491 1034 575 1071 quae
593 1025 653 1067 sit,
675 1031 759 1071 post
780 1025 889 1073 hujus
914 1026 999 1063 vitae
1022 1037 1228 1069 excessum,
1255 1030 1508 1074 reproborum

115 1085 316 1122 damnatio.
342 1085 399 1121 De
420 1083 568 1120 illorum
584 1094 748 1129 namque
764 1085 993 1130 sempiterna
1020 1086 1210 1122 mansione
1228 1086 1408 1133 scriptum
1428 1095 1509 1123 est:

123 1156 144 1180 α
172 1144 448 1181 Convertentur
464 1146 651 1179 torrentes
665 1142 744 1189 ejus
756 1143 794 1178 in
810 1142 948 1189 picem,
964 1149 1000 1179 et
1013 1143 1149 1181 humus
1158 1145 1236 1192 ejus
1256 1145 1292 1180 in
1309 1146 1431 1192 picem
1455 1158 1513 1183 ar-

126 1214 146 1238 »
170 1203 343 1245 dentem3
368 1207 483 1238 noete
500 1205 537 1236 et
552 1200 611 1236 die
633 1211 708 1237 non
728 1201 965 1246 extinguetur
981 1202 1020 1238 in
1037 1204 1325 1250 sempiternum3
1342 1206 1517 1241 ascendet

127 1273 148 1297 »
171 1260 294 1298 fumus
308 1260 388 1307 ejus
401 1271 420 1296 a
438 1259 680 1306 generatione
703 1259 739 1295 in
761 1260 1037 1305 generationem
1060 1260 1122 1309 (a).
1141 1272 1163 1298 ι)
1180 1262 1241 1298 Ad
1261 1263 1355 1299 hanc
1375 1269 1517 1301 terram

128 1320 348 1367 impiorum,
365 1320 412 1356 ad
431 1319 525 1355 hane
544 1319 796 1365 reproborum
815 1319 1089 1356 damnationem
1112 1326 1195 1357 ante
1219 1322 1420 1358 adventum
1435 1324 1516 1360 Me-

130 1379 283 1417 diatoris
307 1378 451 1422 nostri,
477 1377 545 1414 etsi
569 1387 807 1423 nequaquam
832 1388 965 1414 eorum
982 1388 1091 1425 poena
1109 1380 1320 1426 plectendi,
1343 1382 1391 1417 illi
1408 1383 1519 1419 etiam

131 1442 216 1485 post
232 1442 395 1474 mortem
413 1435 702 1478 descendebant,
721 1437 786 1482 qui
798 1435 837 1472 in
850 1436 921 1472 hac
939 1437 1013 1474 vita
1030 1439 1091 1485 pie
1110 1439 1297 1475 vivebant.
1317 1441 1425 1477 Unde
1440 1441 1523 1477 bea-

132 1503 193 1534 tus
202 1507 352 1543 quoque
368 1496 390 1532 J
392 1495 440 1532 ob
453 1495 662 1542 supplicans
677 1495 767 1532 dicit
781 1506 790 1531 :
805 1496 988 1533 «Dimitte
1001 1507 1061 1534 me
1076 1502 1118 1534 ut
1130 1495 1303 1544 plangam
1316 1500 1523 1545 paululum,

136 1568 156 1592 »
182 1561 381 1601 antequam
397 1555 531 1590 vadam
542 1554 589 1590 ad
602 1559 741 1590 terram
756 1556 1002 1598 tenebrosam,
1022 1562 1059 1592 et
1072 1563 1240 1603 opertam
1251 1558 1380 1594 mortis
1400 1559 1526 1605 ealigi-

138 1627 158 1653 »
184 1626 246 1658 ne,
271 1621 412 1652 terram
425 1614 584 1651 miseriae
598 1619 636 1650 et
649 1615 909 1656 tenebrarum,
926 1616 990 1652 ubi
1011 1617 1145 1652 umbra
1170 1618 1315 1659 mortis,
1341 1623 1378 1654 et
1406 1619 1529 1655 nullus

139 1686 160 1711 ›)
187 1675 296 1718 ordo,
311 1674 377 1711 sed
390 1673 639 1720 sempiternus
656 1672 796 1709 horror
812 1673 994 1711 inhabitat
1011 1674 1095 1722 (b).»
1111 1676 1166 1711 De
1180 1676 1248 1712 hae
1268 1677 1454 1714 malorum
1467 1679 1530 1715 ha-

139 1734 319 1772 bitatione
335 1743 403 1780 per
427 1733 559 1768 Isaiam
583 1731 719 1768 dicitur
735 1741 745 1767 z
760 1743 780 1768 (t
798 1732 975 1770 Dilatavit
990 1734 1157 1770 infernus
1185 1735 1344 1771 animam
1363 1747 1480 1780 suam,
1496 1746 1535 1776 et

141 1805 159 1826 »
176 1791 322 1839 aperuit
335 1802 376 1828 os
396 1800 504 1827 suum
519 1790 658 1834 absque
684 1790 759 1825 ullo
783 1791 941 1827 termino
954 1817 963 1834 ‚
981 1797 1018 1827 et
1035 1791 1263 1828 descendent
1276 1792 1389 1830 sortes
1403 1795 1481 1842 ejus
1499 1804 1537 1834 et

145 1863 166 1888 »
176 1851 336 1898 populus
346 1850 437 1897 ejus;
448 1854 485 1885 et
495 1848 670 1884 sublimes
683 1848 909 1894 gloriosique
924 1849 1000 1895 ejus
1011 1851 1055 1885 ad
1065 1862 1148 1887 eum
1158 1851 1234 1898 (c).»
1247 1851 1301 1887 De
1313 1852 1379 1888 hac
1390 1856 1427 1890 in
1436 1856 1467 1890 A
1472 1867 1536 1901 po—

146 1909 285 1956 calypsi
298 1908 466 1955 Angelus
481 1907 554 1944 ait:
569 1919 588 1942 ((
599 1906 771 1942 Infernas
797 1913 834 1943 et
848 1918 948 1943 mors
966 1909 1069 1944 missi
1082 1916 1167 1944 sunt
1179 1910 1214 1945 in
1229 1916 1402 1956 stagnum
1420 1913 1534 1958 ignis;

148 1981 166 2001 »
195 1969 277 2005 haec
291 1972 347 2003 est
356 1977 458 2003 mors
471 1966 633 2002 secunda
645 1976 652 2006 ;
665 1971 702 2002 et
711 1965 774 2010 qui
786 1976 860 2001 non
871 1965 1042 2003 inventus
1051 1968 1154 2003 estin
1164 1967 1260 2004 libro
1271 1969 1354 2005 vitae
1364 1971 1540 2017 scriptus,

152 2038 173 2063 n
197 2026 334 2064 missus
352 2024 457 2061 estin
473 2030 644 2069 stagnum
656 2022 752 2070 ignis
768 2023 857 2071 (d>.»
873 2024 928 2060 De
946 2025 1014 2061 hae
1029 2037 1178 2072 quoque
1198 2028 1300 2064 Deus
1313 2029 1351 2064 in
1372 2028 1541 2075 Evange-

148 2086 198 2123 lio
211 2086 301 2122 dicit
313 2095 323 2121 ε
334 2096 354 2121 α
370 2083 507 2121 Mittite
522 2093 607 2118 eum
629 2083 668 2118 in
691 2084 860 2119 tenebras
876 2084 1079 2120 exteriores
1093 2097 1102 2126 ;
1119 2086 1170 2123 ibi
1187 2087 1257 2122 erit
1271 2086 1378 2123 fletus
1398 2094 1434 2125 et
1458 2091 1540 2126 stri-

146 2160 170 2180 .»
200 2147 271 2182 dor
288 2145 456 2181 dentium
472 2143 531 2190 (e).
546 2155 563 2175 »
581 2142 689 2178 Hanc
704 2149 807 2178 certe
821 2143 1091 2180 habitationem
1111 2156 1185 2181 non
1207 2147 1324 2182 solum
1343 2148 1543 2194 impiorum

153 2205 297 2248 animae,
312 2202 559 2239 verumetiam
571 2201 634 2248 qui
645 2212 777 2237 eorum
788 2212 948 2249 corpora
959 2203 1137 2239 dilanient
1151 2205 1381 2242 immortales
1394 2217 1544 2245 vermes

154 2262 445 2305 haereditabunt,
460 2271 562 2297 saera
588 2260 783 2306 Scriptura
803 2266 1015 2303 attestante,
1032 2274 1114 2308 quae
1133 2264 1183 2298 ait
1203 2273 1211 2298 :
1234 2277 1251 2297 «
1268 2260 1547 2303 Dominus'om-

159 2335 180 2360 »
204 2323 377 2370 nipotens
391 2319 596 2358 vindicavit
612 2319 650 2355 in
666 2320 741 2360 eis;
759 2320 796 2355 in
814 2321 873 2355 die
889 2319 1019 2365 judieii
1047 2321 1209 2358 visitavit
1227 2331 1311 2368 cos;
1330 2313 1432 2359 dabit
1450 2326 1549 2363 enim

160 2396 178 2416 »
206 2382 332 2428 ignem
350 2385 387 2416 et
413 2388 562 2414 vermes
587 2378 625 2413 in
648 2387 759 2414 carne
785 2388 934 2421 eorum,
962 2385 1004 2414 ut
1021 2385 1181 2415 urantur
1200 2385 1237 2416 et
1255 2381 1414 2417 sentiant
1433 2394 1552 2430 usque

163 2454 182 2475 ι)
209 2440 247 2477 in
260 2439 531 2486 sempiternum
549 2437 559 2484 (
569 2436 620 2485 f).
640 2447 660 2473 »
675 2436 723 2473 Et
739 2447 912 2474 rursum:
933 2449 953 2473 α
972 2437 1121 2475 Vermis
1135 2449 1266 2476 eorum
1284 2451 1359 2476 non
1371 2443 1550 2490 moritur,

211 2546 258 2589 (a)
281 2546 353 2580 lsai.
381 2556 500 2587 xxxiv,
525 2556 561 2589 9,
594 2554 645 2578 ιο.
677 2543 780 2587 —-(l›)
798 2545 871 2578 Job.
907 2556 947 2588 x,
975 2554 1031 2587 ρο,
1050 2555 1105 2579 22.
1131 2546 1230 2588 —-(c)
1264 2549 1334 2580 lsai.
1370 2561 1408 2591 v,
1440 2549 1487 2591 πά.
1511 2569 1553 2576 —-

173 2603 228 2646 (d)
247 2607 348 2647 Apoc.
376 2614 438 2644 xx,
459 2600 514 2645 14,
536 2601 588 2635 15.
608 2600 705 2642 --(e)
729 2601 843 2634 Matth.
860 2612 944 2643 xxn,
962 2602 1011 2634 13.
1028 2619 1069 2625 -—
1089 2601 1163 2646 (f)
1180 2602 1301 2635 Judith.
1322 2614 1391 2646 xvi,
1417 2615 1479 2648 20,
1501 2618 1554 2641 21,

221 2677 231 2697 ¹
254 2672 334 2706 cod.
353 2670 437 2706 male
454 2671 601 2703 animam
619 2668 810 2703 discedens.

389 2734 531 2766 CXXX.
1299 2727 1350 2765 23
