1803 3276
314 280 395 317 368
637 288 670 315 s.
707 288 728 314 A
740 287 936 315 eeus'rim
972 287 1151 314 muscum
1184 286 1411 313 Aramum.

316 356 427 392 tuerit
447 383 454 399 ,
476 361 513 389 ut
538 361 619 399 post
651 353 964 389 resurrectionem
989 363 1092 388 suam
1119 352 1288 388 Christus
1308 352 1553 397 quadraginta
1574 352 1703 387 diehus

318 419 609 450 conversaretur
628 413 663 448 in
677 413 826 455 seeeulo,
846 412 1034 458 paulisper
1053 412 1192 447 audite.

365 474 417 508 11.
431 473 574 514 Posset,
590 472 740 507 Fratres
759 471 979 512 charissimi,
997 471 1108 506 dubia
1127 480 1274 515 semper
1292 469 1500 504 mortalitas
1515 479 1556 505 ac
1574 479 1705 504 rerum

318 533 442 568 nescia
463 532 693 573 divinarum,
715 531 1031 567 resurrectionem
1050 529 1197 564 Domini
1217 528 1355 564 Christi
1381 534 1445 563 aut
1464 528 1592 563 salsam
1612 528 1707 563 exis-

319 592 452 627 timare
467 619 475 633 ,
495 592 523 626 si
544 602 628 626 mox
650 592 696 625 de
710 590 885 635 sepulcro
904 589 1128 625 ascendisset
1146 589 1182 624 in
1195 588 1332 624 eoelum
1345 615 1354 633 ,
1375 594 1438 623 aut
1456 587 1710 633 imaginariam

321 657 357 686 et
382 651 583 686 illusoriam
608 650 792 693 eredere,
821 649 889 684 nisi
914 659 994 684 eam
1022 659 1150 685 omnes
1175 654 1396 694 praesentem
1423 654 1647 691 cernerent,
1675 653 1712 683 et

321 711 468 746 dierum
487 709 675 754 prolixitas
694 708 976 754 comprobaret.
998 707 1057 743 Sic
1078 708 1124 743 de
1143 718 1185 743 ea
1199 706 1360 743 Thomas
1376 707 1520 753 primus
1536 706 1714 742 incredu-

322 771 377 805 lus
398 768 598 805 dubitavit.
632 767 692 802 Sic
719 767 830 803 hodie
856 767 1156 804 Manichaeorum
1176 776 1315 813 pagana
1344 766 1539 803 infelicitas
1564 766 1688 802 credit
1704 792 1714 810 ,

323 830 461 875 quippe
481 838 567 863 cum
596 837 665 863 nec
691 827 926 862 nativitatem
947 826 1116 870 Domini,
1135 836 1204 862 nec
1224 826 1445 872 passionem,
1465 836 1534 862 nec
1553 831 1717 861 mortem

324 899 453 924 veram
488 887 694 931 aestiment,
714 886 779 922 scd
797 892 920 922 totum
944 885 1068 922 studio
1087 885 1254 922 salsitatis
1272 885 1474 931 assignent.
1500 885 1584 922 Non
1603 885 1719 930 igitur

325 958 429 989 vere,
446 947 631 992 inquiunt,
646 945 773 990 genuit
783 944 916 988 Maria,
932 944 996 980 sed
1013 945 1134 980 linxit:
1146 955 1219 981 non
1231 943 1403 981 Christus
1416 944 1719 990 vere,inquiunt,

326 1013 435 1043 natus
465 1013 540 1052 est,
565 1005 630 1041 sed
658 1005 795 1047 illusit,
829 1010 866 1040 et
890 1010 1011 1041 totum
1040 1004 1140 1040 inter
1166 1004 1334 1041 homines
1361 1003 1508 1041 artificii
1533 1003 1721 1050 praestigio

330 1066 530 1111 figuravit:
549 1074 622 1100 non
640 1063 724 1106 suit,
741 1063 933 1109 inquiunt,
953 1063 990 1099 in
1008 1063 1158 1100 Christo
1177 1074 1265 1101 vera
1282 1074 1393 1104 caro,
1409 1064 1475 1100 sed
1504 1064 1590 1100 salsa
1604 1089 1615 1107 ‚
1648 1073 1724 1099 non

330 1135 468 1171 eorpus
491 1124 665 1166 solidum,
685 1124 750 1158 sed
769 1123 899 1166 inane,
925 1128 1140 1168 totumque,
1159 1123 1349 1169 inquiunt,
1370 1123 1472 1169 quod
1489 1123 1589 1170 apud
1605 1122 1726 1159 homi-

331 1195 396 1220 nes
413 1183 586 1218 Christus
605 1182 700 1226 egit,
719 1193 794 1218 non
811 1192 902 1217 vere
925 1183 1058 1226 gessit,
1078 1183 1145 1218 sed
1167 1183 1291 1229 potius
1315 1183 1518 1219 simulavit.
1549 1183 1581 1219 O
1600 1184 1728 1219 detes-

331 1244 443 1279 tanda
465 1242 610 1287 religio,
629 1242 667 1277 in
685 1252 759 1288 qua
782 1247 913 1287 regnat
932 1247 1011 1278 tota
1028 1240 1198 1279 salsitatis
1218 1243 1345 1288 origo,
1369 1253 1453 1289 quae
1470 1242 1616 1280 radices
1635 1241 1725 1279 fidei

335 1304 481 1339 conaris
498 1302 676 1346 evellere,
697 1307 734 1337 et
747 1300 967 1346 religionem
986 1301 1102 1347 ipsam
1116 1301 1280 1338 funditus
1294 1302 1512 1349 amputare!
1534 1302 1566 1339 Ο
1581 1302 1729 1346 misera,

335 1374 419 1408 qua}
443 1374 464 1398 a
487 1361 683 1398 mendacio
711 1361 913 1406 incipile
934 1361 1167 1405 miseriores,
1194 1372 1289 1407 quos
1315 1362 1361 1397 de
1385 1362 1543 1398 falsitate
1565 1360 1728 1398 seducis!

338 1423 431 1465 Quoe
450 1421 547 1456 enim
566 1420 719 1456 umbras
736 1426 772 1455 et
792 1419 1050 1466 phantasmata
1064 1419 1245 1465 sequeris,
1261 1420 1353 1466 qnid
1368 1420 1565 1457 veritatem
1579 1419 1736 1457 homini·

338 1482 408 1517 bus
425 1481 643 1528 polliceris?
663 1480 803 1517 Merito
822 1491 927 1516 sacra
948 1486 1011 1516 tua
1032 1479 1154 1526 turpi,
1186 1480 1474 1517 latebrosissime
1501 1480 1709 1517 Maniehaee
1722 1506 1732 1521 ,

341 1541 582 1588 impudicitia>
617 1541 825 1585 tradidisti,
848 1541 935 1587 quia
971 1541 1083 1577 fidem
1115 1540 1231 1576 sacris
1269 1541 1510 1586 virginalibus
1533 1541 1735 1585 denegasti.

344 1602 512 1647 Denique
531 1611 682 1636 carnem
705 1606 807 1636 tuam
824 1600 923 1636 inter
944 1601 1020 1646 ipsa
1040 1606 1103 1636 tua
1123 1599 1304 1645 flagitiosa
1324 1600 1502 1647 mysteria
1525 1600 1672 1646 polluis,
1695 1609 1737 1635 ac
1788 1631 1790 1639 .

345 1672 528 1697 venenum
555 1660 636 1703 tihi,
658 1660 761 1704 quod
774 1670 910 1702 sumas,
932 1671 977 1695 cx
996 1659 1068 1695 tuis
1085 1659 1258 1695 sordibus
1276 1660 1430 1696 conficis
1445 1665 1482 1695 et
1497 1658 1737 1705 conspergis:

346 1720 455 1764 digna
475 1729 630 1765 prorsus
661 1729 704 1754 ex
722 1718 907 1754 alterutra
927 1718 1095 1753 soeditate
1123 1717 1162 1753 in
1196 1723 1359 1764 utroque
1382 1717 1562 1764 pollutio,
1587 1723 1628 1753 ut
1653 1728 1740 1754 cum

347 1785 525 1815 sacratua
544 1788 587 1813 ex
604 1783 654 1822 te,
671 1788 754 1823 quae
772 1778 961 1820 comedas,
981 1777 1128 1824 polluis,
1147 1777 1278 1825 etipsa
1293 1788 1338 1813 ex
1355 1777 1428 1814 tuis
1438 1777 1552 1814 sacris
1570 1776 1743 1823 turpibus

347 1838 566 1884 inquineris.

399 1898 471 1932 111.
491 1896 569 1932 Cur
594 1896 710 1941 igitur
742 1906 816 1931 non
841 1894 986 1940 credis,
1016 1906 1037 1930 ο
1065 1894 1272 1931 Manichzea
1306 1895 1549 1939 obscoenitas,
1579 1895 1745 1941 potuisse

351 1966 485 2003 parere
510 1955 728 2002 Virginem,
769 1955 837 1990 nisi
866 1955 952 2000 quia
981 1953 1110 1999 religio
1135 1960 1198 1990 tua
1223 1965 1297 1991 non
1320 1955 1453 2002 recipit
1482 1954 1742 1991 sanctitatem!

357 2015 599 2060 Evangelium
619 2021 744 2050 autem
762 2015 876 2050 dicit:
900 2029 916 2046 «
936 2014 1031 2058 Quia
1045 2014 1193 2050 inventa
1213 2021 1268 2050 est
1284 2016 1404 2051 Maria
1421 2016 1462 2051 in
1480 2021 1590 2051 utero
1608 2014 1748 2050 hahens
1800 2047 1803 2069 4

356 2088 374 2109 n
406 2076 452 2110 ‹lc
483 2074 625 2120 Spiritu
651 2080 779 2110 sancto
816 2073 881 2120 (a).
908 2085 928 2108 »
955 2073 991 2109 Si
1011 2074 1127 2120 igitur
1149 2074 1454 2121 corruptionem,
1475 2075 1718 2121 paganissime
1735 2100 1746 2115 ,
1800 2107 1802 2109 .

354 2136 391 2171 in
411 2141 520 2180 partu
545 2133 709 2178 Yirginis
738 2134 965 2177 formidasti,
995 2139 1031 2168 et
1052 2134 1134 2170 ideo
1165 2133 1357 2170 Christum
1376 2141 1505 2171 natum
1530 2145 1573 2170 ex
1600 2134 1749 2171 stemina

358 2195 516 2231 credere
534 2193 698 2237 noluisti,
719 2193 835 2228 redde
851 2193 941 2229 mihi
962 2203 1061 2229 nunc
1081 2195 1266 2231 rationem
1281 2221 1291 2239 ,
1309 2205 1353 2230 ex
1370 2205 1445 2241 quo
1459 2194 1598 2231 semine
1615 2200 1752 2230 cuncta

358 2253 527 2289 animalia
553 2259 653 2288 terra
671 2252 862 2298 concepit,
886 2263 972 2288 eum
997 2254 1034 2288 in
1053 2254 1127 2289 suis
1152 2254 1342 2300 principiis
1363 2260 1538 2300 naturas,
1558 2253 1695 2290 formas
1714 2259 1753 2290 et

359 2314 502 2360 species
514 2312 675 2358 singulas
693 2311 914 2357 parturiret.
933 2313 1000 2349 Dic
1018 2313 1119 2348 unde
1136 2324 1240 2349 mare
1252 2313 1390 2350 sactum
1405 2319 1476 2357 est,
1495 2319 1536 2350 ut
1555 2324 1651 2349 exeo
1667 2324 1753 2350 aves

363 2372 474 2408 varice
493 2378 530 2408 et
547 2372 694 2407 diversa
708 2371 870 2406 natantia
883 2371 1143 2418 prorupissent
1158 2378 1173 2409 ‘2
1193 2372 1230 2408 Si
1248 2373 1363 2417 igitur
1376 2379 1509 2409 natura
1527 2373 1656 2409 mundi
1674 2383 1756 2419 gra-

362 2431 444 2466 vida
469 2430 572 2476 jussu
589 2430 657 2465 Dei
677 2430 782 2474 virgo
810 2441 944 2476 parere
962 2431 1109 2476 potuit,
1134 2441 1176 2466 ac
1203 2431 1348 2467 nullum
1368 2431 1418 2467 ibi
1436 2432 1580 2478 signum
1601 2441 1757 2478 corrup-

364 2490 472 2525 tionis
491 2489 647 2525 accessit
666 2515 676 2533 ,
708 2490 773 2524 sed
798 2491 875 2525 sine
893 2490 1097 2526 seminibus
1122 2490 1261 2526 semina
1279 2490 1389 2533 fecit,
1407 2501 1477 2527 cur
1495 2496 1635 2526 terram
1653 2491 1755 2527 illam

363 2554 527 2584 sanctam
543 2573 553 2591 ,
576 2547 613 2582 id
631 2552 686 2583 est
710 2547 906 2595 virginem
926 2548 1100 2593 Mariam,
1128 2560 1170 2585 ex
1182 2560 1255 2596 qua
1269 2549 1379 2589 Jesus
1408 2550 1560 2588 etnasci
1583 2549 1700 2602 voluit
1721 2557 1758 2586 ct

409 2643 457 2684 (a)
471 2642 584 2677 Matth.
601 2653 628 2685 1,
651 2642 703 2676 18.
