1803 3276
354 234 496 262 SERMO
528 237 618 263 LIX·
657 237 714 262 DE
748 234 990 263 l’lStjA'ssohE
1024 239 1160 265 l’E'l'ltt.
1366 229 1442 266 301

59 296 118 342 ita
139 305 184 342 et
196 296 267 343 hic
281 309 565 360 congregatos
588 300 750 358 gremio
768 301 959 361 quodam
975 300 1154 346 deducit
1168 303 1221 346 ad
1238 303 1448 363 requiem.

65 369 118 412 Ut
145 377 291 412 autem
317 369 559 429 intelligas,
585 369 687 429 quia
714 369 771 414 de
792 369 1003 430 spirituali
1034 371 1270 430 piscatione
1301 374 1452 417 Domi-

60 453 140 483 nus
162 439 448 500 loquebatur,
471 440 529 484 ait
552 443 726 484 Petrus:
759 444 1069 499 «Praeceptor,
1087 457 1163 500 per
1186 451 1322 487 totam
1345 459 1452 487 noc-

63 526 85 550 »
124 518 209 554 tem
232 509 481 555 laborantes
506 509 616 554 nihil
638 510 832 570 cepimus
846 546 857 566 ‚
882 509 957 554 sed
979 510 1024 555 in
1045 511 1178 556 verbo
1202 522 1278 556 tuo
1299 513 1453 557 laxabo

64 598 84 621 »
120 581 225 625 retia
240 583 333 640 (a);
352 600 372 623 »
389 581 511 626 velut
529 582 561 627 si
574 581 760 628 diceret:
780 582 980 642 Quiaper
993 591 1130 627 totam
1149 594 1326 629 noctem
1343 584 1452 629 frus-

62 660 126 696 tra
140 651 418 710 vigilantibus
433 653 558 697 nobis
575 668 665 698 non
678 653 850 714 proficit
867 663 1012 698 nostra
1029 654 1209 714 piscatio
1225 691 1235 710 ‚
1256 656 1455 714 piscabor

62 737 151 766 non
168 722 259 782 jam
282 722 596 779 instrumento,
618 722 692 768 sed
711 723 869 783 gratia,
893 740 983 768 non
1006 725 1108 768 artis
1126 724 1335 769 industria
1349 760 1360 780 ⁷
1381 724 1455 769 sed

63 790 536 838 devotionisinstantia.
562 813 580 836 «
599 797 651 838 In
668 802 764 849 tuo,
786 794 949 855 inquit5
967 795 1103 840 verbo
1117 795 1270 840 laxabo
1291 796 1413 839 retia.
1433 815 1452 836 »

65 863 265 921 Legimus
296 864 493 910 Verbum
524 880 613 910 esse
647 865 883 909 Dominum
925 865 1216 921 Salvatorem,
1258 866 1367 910 sicut
1399 866 1458 909 ait

62 932 358 992 Evangelista:
380 954 399 977 «
420 938 471 979 In
493 935 707 996 principio
730 945 821 980 erat
845 936 1037 979 Verbum
1062 934 1149 995 (b),
1164 954 1182 976 »
1200 945 1242 979 et
1273 936 1453 996 reliqua.

63 1006 180 1063 Ergo
211 1021 311 1049 cum
346 1006 391 1049 in
413 1006 548 1051 verbo
572 1010 723 1051 Petrus
757 1006 872 1050 laxat
896 1007 999 1051 retia
1014 1042 1024 1061 ,
1050 1007 1094 1049 in
1117 1006 1288 1051 Christo
1307 1007 1458 1066 utiquc

62 1074 178 1120 laxat
199 1076 396 1138 eloquia,
420 1087 463 1122 et
497 1094 598 1123 cum
621 1077 695 1126 illa
718 1088 919 1124 contexta
951 1088 993 1122 et
1016 1078 1251 1138 composita
1275 1079 1319 1121 in
1342 1078 1459 1121 dieto

65 1148 346 1208 Praeceptoris
363 1147 453 1194 lina
480 1149 686 1209 explicat,
712 1150 849 1208 magis
867 1149 1070 1193 distincta
1093 1158 1136 1192 et
1158 1149 1460 1194 convenientia

64 1219 111 1263 in
131 1219 308 1264 nomine
323 1220 556 1266 Salvatoris
572 1221 706 1266 verba
730 1220 898 1276 dilatat,
915 1221 1076 1281 quibus
1100 1220 1233 1280 possit
1254 1236 1343 1265 non
1366 1220 1460 1263 ani-

65 1291 250 1335 mantia¹
272 1290 437 1337 salvare
451 1327 461 1347 ,
479 1292 555 1336 sed
573 1292 750 1336 animas.
781 1311 798 1332 <‹
822 1296 904 1336 Per
922 1301 1078 1347 totam,
1099 1291 1262 1351 inquit,
1286 1300 1461 1337 noctem

68 1380 90 1405 »
124 1362 395 1419 laborantes,
417 1364 528 1408 nihil
551 1364 743 1424 cepimus
762 1366 837 1422 (c).
860 1382 880 1406 »
907 1367 988 1408 Per
1010 1373 1184 1408 noctem
1210 1379 1310 1407 vere
1335 1362 1460 1407 labo-

66 1443 235 1479 raverat
252 1437 405 1480 Petrus
417 1471 428 1491 ‚
449 1435 525 1496 qui
536 1435 656 1495 prius
672 1434 983 1480 obscuritatem
996 1434 1163 1495 patiens
1181 1434 1272 1478 sine
1289 1434 1462 1479 Christo

67 1520 161 1550 non
190 1515 362 1566 poterat
388 1505 560 1562 videre,
591 1522 700 1568 quos
729 1515 918 1566 caperet.
943 1508 1002 1550 At
1024 1505 1102 1550 ubi
1129 1504 1205 1549 lux
1234 1504 1464 1550 salvatoris

66 1575 234 1633 illuxit,
255 1575 456 1622 discussis
473 1578 659 1623 tenebris
677 1612 688 1633 ‚
714 1577 851 1637 coepit
871 1576 1003 1621 etiam
1027 1577 1070 1620 in
1090 1575 1178 1621 alto
1196 1575 1297 1621 fidei
1312 1591 1463 1620 cerne-

68 1663 135 1704 re,
160 1664 270 1708 quos
298 1647 435 1694 oculis
476 1664 567 1694 non
604 1648 797 1693 videbat.
837 1651 1020 1694 Noctem
1052 1647 1184 1707 plane
1219 1663 1368 1708 passus
1401 1657 1465 1692 cst

69 1724 244 1776 Petrus,
265 1720 406 1766 donec
421 1721 511 1766 dies
528 1721 567 1765 ei
585 1721 661 1782 qui
679 1720 877 1766 Christus
906 1729 972 1764 est
992 1735 1082 1764 non
1105 1719 1311 1763 astiterat.
1339 1718 1465 1763 Unde

69 1791 129 1836 ait
151 1790 386 1852 Apostolus
404 1811 413 1837 ε
437 1810 458 1835 «
477 1794 572 1838 Nox
591 1791 833 1852 praecessit,
858 1790 948 1836 dies
970 1800 1117 1836 autem
1140 1789 1466 1851 appropinqua-

73 1880 95 1903 »
128 1862 192 1906 vit
204 1860 284 1919 (cl).
307 1880 329 1904 ))

116 1952 163 1994 (α)
180 1954 262 1986 Luc.
286 1964 322 1995 v,
341 1952 374 1986 5.
388 1969 430 1978 -
448 1952 494 1994 (b)
513 1955 647 1995 Joan.1‚
673 1963 702 1986 1.
719 1968 761 1976 —-
782 1952 826 1994 (c)
844 1952 921 1985 Luc.
941 1963 975 1995 v,
996 1952 1026 1985 5.
1043 1969 1086 1976 -—
1104 1951 1155 1993 (d)
1167 1954 1258 1985 Rom.
1280 1961 1348 1991 xm,
1371 1959 1422 1983 12.

122 2028 131 2045 ¹
153 2021 231 2054 Cod.
249 2021 335 2056 male
349 2020 514 2055 amantia.
