1803 3276
282 265 337 300 :30
718 270 750 295 s.
788 267 1016 294 Ascrs‘rux‘i
1051 267 1232 294 EPISCOPI

280 336 423 383 theca
437 329 773 383 L‘anre'ntisma
796 342 906 377 tom.
937 340 978 387 1,
988 328 1088 395 fol.
1116 339 1186 376 80.
1215 327 1351 393 Quid
1359 324 1402 375 si
1417 327 1670 391 rejiciendi

279 408 420 471 liujus
452 406 685 451 sermonis
712 419 862 448 cansa
886 402 1069 466 ficisset
1094 401 1333 447 sententia
1363 400 1576 445 auctoris
1607 397 1671 445 de

282 479 492 524 bonitate
519 476 633 531 Dei,
667 477 714 520 in
744 472 1029 535 quibusdam
1051 488 1147 517 non
1170 472 1470 517 consentiens
1503 485 1669 516 recen-

281 551 452 594 tiorum
470 547 800 593 lzaeretz'corum
818 539 1326 606 opinionibus?(Vz'(le
1343 558 1389 586 η..
1416 543 1506 600 111.)
1531 539 1671 587 Unde

281 618 400 664 duos
431 616 535 663 illos
557 631 798 662 sermones
815 615 1089 676 Augustino
1117 611 1429 668 restituimus,
1449 620 1495 657 et
1512 626 1671 657 emen-

281 690 424 734 datos
462 686 534 733 acl
569 684 871 732 authenticos
900 682 1090 731 codices
1133 683 1211 728 lete
1253 691 1667 743 reproesentamus.

283 759 437 805 Locus
461 758 563 817 ejus
575 765 685 817 post
703 770 970 801 sermonem
994 774 1007 799 1
1019 790 1034 811 ,
1061 768 1168 800 cum
1188 768 1386 799 numero
1402 752 1558 802 Serm.
1584 771 1632 798 11.

834 902 1123 949 SYNOPSIS.

333 1011 360 1047 Ι.
391 1008 617 1046 Exordium.
636 1007 692 1044 ΙΙ.
718 1008 845 1045 Arbor
869 1018 890 1043 a
914 1007 995 1044 Deo
1018 1007 1220 1054 prohibita.
1249 1006 1324 1043 ΙΙΙ.
1350 1006 1456 1045 Mors
1479 1007 1516 1043 in
1543 1006 1677 1045 arbore

283 1071 375 1105 sacta
399 1068 562 1104 nonfuit.
582 1065 649 1103 IV.
672 1067 798 1104 Arbor
815 1077 888 1102 non
906 1072 986 1103 crat
1003 1066 1112 1102 mala.
1138 1065 1186 1102 V.
1207 1066 1313 1102 Idem
1331 1066 1678 1113 comparationibus

282 1128 562 1175 comprobatur.
585 1125 652 1161 VI.
671 1125 873 1162 Peccatum
892 1125 957 1162 soli
976 1125 1071 1162 Adae
1088 1125 1361 1173 imputandum,
1380 1135 1454 1163 non
1469 1124 1594 1162 arbori
1612 1129 1676 1163 aut

288 1188 375 1223 Deo.
396 1185 487 1222 vll.
506 1183 716 1221 Conclusio.

344 1297 378 1341 Ι.
399 1296 451 1340 In
469 1294 616 1350 Veteri
628 1295 923 1350 Testamento,
948 1292 994 1342 id
1009 1302 1090 1350 cst,
1109 1293 1156 1340 in
1166 1293 1340 1347 Genesi¹
1356 1293 1559 1356 legimus,
1586 1297 1678 1345 Do-

283 1365 453 1411 minum
475 1364 628 1409 dixisse
651 1363 706 1409 ad
728 1363 900 1410 Adam:
940 1383 960 1406 «
994 1366 1058 1409 Ex
1091 1365 1211 1410 omni
1243 1364 1364 1425 ligno
1385 1366 1508 1426 quod
1538 1375 1603 1411 cst
1633 1367 1680 1411 in

286 1455 306 1479 »
334 1434 480 1480 mcdio
517 1434 703 1495 paradisi
737 1433 895 1491 edetis,
938 1450 989 1479 cx
1024 1434 1144 1493 ligno
1178 1443 1326 1480 autem
1366 1435 1680 1496 dignoscentiae

287 1528 307 1550 »
334 1508 438 1552 boni
469 1515 511 1552 ct
533 1506 660 1562 mali,
695 1506 818 1567 quod
846 1507 979 1551 estin
1007 1506 1152 1552 medio
1181 1507 1369 1567 paradisi
1395 1524 1487 1552 non
1516 1507 1677 1568 edetis3

287 1598 308 1621 »
334 1594 419 1640 qua
443 1576 512 1622 dic
537 1587 683 1622 autem
707 1575 880 1622 ederitis
903 1587 1044 1622 morte
1066 1578 1313 1623 moriemini
1337 1580 1422 1638 (a).
1441 1597 1462 1621 »
1487 1579 1680 1625 Multos2

284 1651 460 1705 scimus,
480 1648 687 1693 carissimi
709 1650 898 1704 Fratres,
924 1648 979 1692 de
997 1648 1078 1693 hac
1098 1649 1254 1693 arbore
1270 1647 1534 1711 quaestiones
1547 1665 1681 1696 vanas

284 1721 484 1786 invoxfisse,
502 1719 578 1782 qui
590 1718 761 1764 dicunt³
776 1718 917 1764 Adam
935 1735 1025 1765 non
1042 1718 1269 1765 voluntate
1284 1736 1498 1781 peccasse,
1518 1720 1622 1783 quia
1634 1721 1681 1767 in

285 1791 358 1837 illa
382 1791 537 1837 arbore
554 1790 638 1835 fuit
666 1790 964 1851 dignoscentia
989 1790 1095 1836 boni
1122 1799 1167 1836 et
1187 1790 1293 1836 mali
1309 1814 1324 1848 ‚·
1365 1792 1443 1853 qui
1472 1797 1575 1837 cum
1594 1790 1681 1855 ho-

286 1863 414 1908 minis
443 1860 619 1922 culpam
641 1876 844 1906 excusare
865 1862 1092 1919 nituntur,
1117 1865 1210 1908 Deo
1237 1862 1456 1909 conditori
1476 1863 1682 1926 injuriam

286 1933 467 1980 faciunt.
493 1933 664 1988 Quibus
686 1933 796 1978 ratio
813 1931 1038 1979 reddenda
1056 1943 1135 1991 est,
1161 1949 1218 1979 ne
1231 1933 1398 1980 diutius
1417 1936 1682 1998 quaestiones

286 2021 418 2051 vanas
438 2014 659 2062 moveant,
684 2020 830 2067 neque
850 2004 1017 2050 lateant
1038 2006 1083 2050 in
1097 2020 1245 2051 errore
1262 2003 1363 2051 talia
1385 2005 1678 2053 mentiendo⁴.

288 2077 373 2123 Sed
391 2076 425 2121 si
445 2076 604 2122 volunt
618 2091 743 2121 nosse
759 2084 934 2122 taceant
947 2085 992 2121 et
1004 2075 1202 2135 audiant,
1222 2093 1279 2123 ne
1291 2076 1516 2140 loquendo
1528 2076 1682 2125 stulta-⁹·

287 2150 380 2193 Deo
405 2147 652 2193 convicium
676 2144 853 2192 faciant.

347 2221 406 2264 ΙΙ.
432 2221 529 2265 Una
550 2219 680 2264 arbor
701 2217 786 2264 fuit
805 2218 850 2263 in
865 2218 1010 2264 medio
1028 2218 1218 2280 paradisi
1239 2218 1470 2282 explorans
1489 2219 1682 2266 hominis

287 2290 558 2336 voluntatem
576 2311 587 2349 3
610 2290 656 2336 in
677 2305 727 2335 ea
748 2291 837 2335 vita
859 2289 1082 2352 pendebat
1103 2306 1184 2352 per
1203 2289 1538 2348 obedientiam⁶‚
1560 2304 1682 2338 mors

333 2379 381 2429 (a)
400 2389 480 2422 Gen.
498 2399 534 2430 11,
559 2387 617 2430 16,
648 2398 700 2431 17·

335 2461 344 2478 ¹
363 2454 445 2488 Edit.
471 2455 626 2499 Legimus
652 2455 686 2487 in
712 2453 858 2497 Genesi,
888 2451 1017 2487 decissa
1038 2454 1226 2487 Dominum.
1252 2472 1294 2478 —
1327 2456 1424 2489 ²Vox
1450 2454 1571 2490 multos
1591 2455 1684 2494 deest

288 2511 319 2544 in
336 2515 447 2543 nostro
459 2510 590 2543 codice.
612 2527 655 2533 —
681 2507 694 2533 ³
708 2510 792 2542 Edit.
813 2509 895 2543 male
912 2508 1092 2543 (Ii'cant.-—
1114 2508 1132 2536 6
1146 2511 1231 2544 Edit.
1248 2518 1306 2544 aut
1325 2523 1432 2557 usque
1445 2509 1553 2546 adhuc
1565 2512 1683 2546 taliter

289 2565 459 2603 sentiendo
480 2565 620 2602 lateant.
645 2582 687 2589 -
717 2563 732 2588 ⁵
746 2566 831 2600 Edit.
851 2566 956 2601 stulta
973 2564 1150 2612 quuendo.
1177 2584 1220 2591 -
1242 2565 1258 2591 ⁰
1278 2570 1354 2602 Haec
1380 2568 1480 2603 verba
1502 2569 1680 2604 neeman-ia

286 2633 350 2666 pet·
368 2621 587 2657 obedientiam
604 2622 719 2657 desunt
737 2622 768 2656 in
785 2622 863 2657 edit.
884 2625 1000 2658 Eorum
1017 2622 1087 2657 ioco
1104 2622 1218 2668 iegitur
1232 2631 1264 2658 cc
1283 2624 1316 2659 in
1334 2635 1384 2658 ea.
