1803 3276
297 254 436 281 smnio
465 255 533 282 ιν.
571 255 614 282 ΙΝ
648 252 802 282 NATAM
834 253 1008 282 somnis
1040 254 1243 283 mirrisrffi
1276 259 1305 283 1.
1402 247 1483 285 287

646 419 933 464 SYNOPSIS.

145 612 178 647 I.
213 611 382 648 Christus
419 622 494 648 non
525 612 691 648 obstante
721 612 849 647 mundi
889 611 1057 659 principe
1088 613 1124 648 in
1161 615 1340 650 muudum
1371 617 1485 652 veuit.

99 671 157 706 11.
177 671 349 707 Venienti
372 671 521 708 Christo
545 671 705 707 Joannes
722 682 949 718 praecursor.
972 672 1041 707 ΙΙΙ.
1057 673 1219 709 Joannes
1247 675 1404 710 soeminae
1426 676 1488 710 ini-

98 730 243 775 pudicae
276 731 540 768 venumdatur.
567 729 634 765 IV.
653 729 865 766 Nativitatis
897 731 1099 768 S.Joannis
1126 732 1299 778 Baptistae
1326 734 1487 770 miraeu-

96 787 189 823 lum.
210 787 316 823 V.1n
340 789 418 835 ers
434 788 633 824 Nativitate
648 789 897 833 gaudendum.

157 938 192 979 Ι.
227 938 323 981 Rex
344 945 490 982 noster
523 935 578 981 de
600 937 778 996 Virgine
805 937 1047 982 nasciturus
1083 938 1366 984 lortissinium
1388 951 1489 986 ante

96 1023 140 1052 se
156 1007 422 1067 praemiserat
443 1008 680 1053 exereitum
715 1009 1031 1069 Prophetarum
1050 1045 1061 1065 ,
1101 1019 1151 1054 ut
1183 1010 1373 1055 mundus
1406 1011 1490 1056 du-

95 1078 203 1123 dum
220 1078 428 1139 principis
449 1079 516 1124 sui
538 1080 691 1125 edictis
709 1078 930 1136 adversus,
945 1080 1121 1125 tandem
1144 1084 1234 1126 Deo
1263 1081 1373 1126 colla
1391 1083 1491 1126 sul)-

95 1149 312 1205 mitteret,
337 1159 381 1194 et
397 1149 636 1196 adventum
656 1150 923 1196 imminentis
940 1151 1098 1213 judicis
1120 1152 1388 1197 formidaret.
1407 1154 1491 1199 Sed

94 1220 340 1281 desperatio
362 1223 547 1282 sumpsit
567 1221 820 1279 audaciam,
847 1233 890 1268 et
912 1232 1065 1268 contra
1086 1226 1227 1268 Deum
1252 1223 1491 1270 mortalitas

95 1291 279 1336 rebelles
304 1292 470 1338 animos
493 1291 668 1349 extulit,
701 1293 824 1354 quasi
849 1293 942 1339 sine
961 1292 1110 1355 judice
1136 1297 1378 1354 pugnaret¹
1396 1330 1408 1352 ,
1449 1305 1493 1341 et

95 1364 263 1409 auctori
285 1380 364 1410 suo
392 1381 473 1411 nec
495 1364 764 1410 reconciliari
794 1375 998 1426 cuperet,
1034 1382 1116 1411 nec
1143 1368 1262 1428 jussa
1285 1367 1492 1428 obsequia

95 1433 356 1495 redimeret3
391 1435 467 1481 sed
496 1452 573 1497 per
606 1446 790 1481 secretas
811 1436 911 1482 coeli
941 1437 1032 1482 vias
1054 1446 1098 1481 et
1119 1437 1312 1482 occultas
1349 1438 1493 1483 arcani

97 1506 266 1552 consilii
288 1507 483 1566 regiones
504 1506 702 1553 Christus
730 1506 785 1551 ad
806 1507 991 1568 patriam
1014 1507 1160 1553 saeculi
1183 1518 1362 1568 repente
1383 1525 1492 1555 ven-

97 1586 242 1634 turus,
268 1579 422 1638 spretis
443 1578 730 1638 optimatibus
753 1579 883 1623 tantis
905 1577 1181 1635 (deseendit)
1200 1582 1231 1623 2.

156 1653 215 1695 II.
237 1653 262 1696 J
266 1666 453 1696 oannem
463 1649 593 1695 hodie
601 1651 729 1711 jussit
744 1650 989 1711 praecedere
1004 1652 1293 1707 inetatorem³,
1310 1661 1360 1697 ut
1373 1661 1495 1698 tanto

97 1722 185 1780 regi
207 1723 421 1768 universae
438 1723 635 1767 nationes
652 1739 702 1768 ac
723 1722 877 1783 populi
905 1722 1149 1767 animarum
1170 1722 1359 1783 hospitia
1378 1739 1494 1783 prae-

95 1803 313 1854 pararent.
326 1793 445 1839 Audi
456 1792 679 1839 coelestem
689 1808 860 1849 vocem,
873 1792 1201 1853 terribilemque
1222 1794 1332 1853 regis
1350 1795 1497 1854 magni

96 1856 360 1926 Praeconem,
377 1864 753 1927 quemadmodum
766 1866 873 1910 tuba
887 1874 1029 1920 canat,
1041 1874 1116 1909 aut
1133 1865 1282 1925 quales
1293 1875 1337 1910 et
1357 1883 1499 1927 quan-

97 1945 163 1982 tos
182 1937 370 1998 impetus
386 1936 532 1981 fistula
552 1936 707 1997 regalis
723 1937 924 1982 effundat
944 1956 954 1982 :
971 1956 988 1977 «
1007 1940 1099 1996 Ego
1112 1953 1225 1993 sum,
1241 1938 1399 1999 inquit,
1415 1954 1498 1984 vox

99 2027 120 2063 φ)
155 2008 382 2054 clamantis
401 2008 449 2053 in
470 2024 616 2054 eremo
635 2028 643 2054 :
670 2012 822 2054 Parate
843 2009 957 2053 viam
981 2009 1185 2065 Domino,
1206 2019 1343 2055 rectas
1370 2009 1499 2056 facite

101 2099 122 2123 ))
157 2081 328 2126 semitas
361 2081 440 2126 Dei
481 2081 632 2126 nostri.
667 2080 819 2126 Omnis
848 2079 972 2125 vallis
1004 2080 1262 2141 implebitur
1294 2092 1338 2126 et
1360 2083 1499 2127 omnis

102 2170 124 2204 »
159 2168 284 2198 mons
302 2161 347 2198 et
364 2151 485 2197 collis
506 2151 837 2208 humiliabitur,
863 2161 907 2197 et
929 2162 1059 2196 erunt
1081 2168 1181 2213 quae
1206 2168 1337 2212 prava
1366 2154 1410 2198 in
1432 2153 1500 2198 di-

103 2242 125 2266 »
160 2233 277 2269 recta
300 2232 343 2269 et
365 2239 465 2285 qnae
489 2239 639 2284 aspera
661 2223 706 2267 in
730 2223 818 2268 vias
840 2222 990 2283 planas
1010 2259 1020 2279 ,
1048 2232 1091 2268 et
1114 2223 1336 2283 apparebit
1360 2225 1500 2270 honor

150 2340 160 2357 ¹
177 2333 254 2367 Cod.
277 2333 359 2366 male
380 2341 568 2377 pugnatur.
586 2350 624 2356 -
646 2339 659 2356 ²
683 2333 889 2366 Desideralur
912 2333 944 2364 in
970 2332 1045 2363 Cod.
1068 2343 1128 2364 vox
1155 2331 1344 2375 descendit,
1362 2339 1418 2366 aut
1442 2335 1501 2367 alia

102 2390 208 2424 similis
236 2390 418 2423 necessario
439 2390 629 2433 supplenda.
651 2407 693 2412 -—
719 2388 731 2412 3
749 2393 795 2422 De
818 2388 999 2430 hujusmodi
1025 2389 1126 2421 verbo
1145 2397 1343 2422 metator-em
1361 2402 1434 2423 usus
1455 2396 1504 2425 est

103 2450 136 2480 S.
151 2445 359 2489 Chrysologus
375 2445 408 2478 in
420 2447 521 2479 Sei-m.
538 2456 664 2487 cxxvii,
681 2446 797 2478 videsis
813 2444 893 2476 Bibl.
921 2447 1061 2482 Parrum,
1076 2448 1155 2476 tom.
1170 2455 1235 2486 ¹:111,
1255 2445 1310 2477 sol.
1327 2447 1404 2489 946.
1425 2448 1503 2480 Vide

105 2504 200 2536 etiam
218 2507 310 2536 notas
333 2503 496 2546 appositas
521 2505 624 2535 Serm.
647 2502 813 2543 ejusdem,
837 2501 894 2534 fol.
925 2502 996 2543 139.
1025 2501 1106 2539 Quin
1125 2506 1158 2533 et
1175 2501 1206 2533 in
1234 2503 1383 2545 operibus
1400 2505 1503 2536 sancti

105 2559 320 2602 chrysostomi
343 2570 385 2593 ex
410 2559 506 2594 variis
528 2559 561 2592 in
583 2558 770 2591 Matthaeum
796 2557 910 2590 Homil.
944 2568 987 2588 xv
1001 2582 1009 2598 ,
1036 2559 1175 2590 Joannes
1192 2562 1330 2591 vocatur
1360 2568 1505 2593 metator

108 2615 249 2648 Christi.
270 2615 350 2648 Vide
366 2617 470 2648 Scrm.
498 2625 670 2647 cctxxxvm
687 2614 788 2647 nostri
802 2613 978 2656 Augustini.
