1803 3276
489 248 627 276 sumto
661 249 784 275 xxix.
822 248 875 274 nr:
909 248 1064 275 rAscuA
1100 250 1159 275 ix.
1452 243 1532 280 175

136 310 286 356 orbem
298 320 508 356 terrarum
521 322 599 369 est,
613 328 714 358 cum
727 314 818 373 jam
832 312 1088 368 diceremus,
1106 311 1283 359 audistis
1295 335 1307 372 3
1321 324 1365 360 et
1379 325 1428 361 ut
1440 317 1534 376 ple-

132 382 246 438 nius,
262 392 306 427 et
323 383 492 444 planius
506 384 762 442 agnoscatis,
784 383 947 430 audite.
971 387 1023 428 In
1036 393 1227 445 quatuor
1247 385 1404 431 litteris
1427 404 1534 448 grae-

131 453 190 498 cis
203 463 393 515 quatuor
408 456 643 500 verborum
658 471 915 515 graecorum,
932 454 1074 500 Adam
1092 471 1182 501 esse
1195 456 1242 501 in
1256 465 1349 502 toto
1361 459 1531 506 mundo

130 526 404 585 cognoscite,
426 542 528 572 cum
550 527 668 572 enim
689 528 770 572 ista
800 527 936 573 verba
956 536 1149 588 quatuor
1164 563 1175 584 ,
1205 545 1306 590 quae
1334 529 1532 576 dicturus

130 612 248 652 sum,
270 598 502 657 scripseris,
517 597 564 643 id
585 608 663 654 est,
689 598 869 644 nomina
891 606 1082 659 quatuor
1100 598 1332 645 cardinum
1354 601 1528 658 mundi,

127 667 336 723 Orientis,
362 668 631 725 Occidentis,
666 668 896 730 Aquilonis
930 678 974 713 et
1001 669 1231 715 Meridiani
1243 706 1255 727 ,
1279 670 1326 716 in
1367 671 1531 733 quibus

127 741 293 800 positus
313 749 378 785 est
397 750 514 786 totus
535 742 652 787 orbis
667 763 679 800 3
696 741 751 787 de
768 741 928 802 quibus
951 740 1057 787 dicit
1077 742 1284 787 Dominus
1302 758 1311 784 :
1331 764 1349 788 a
1365 746 1403 788 Α
1417 759 1531 804 qua·-

130 827 151 851 »
170 819 271 855 tuor
283 811 423 857 ventis
437 811 540 857 coeli
556 812 759 872 colligam
776 811 935 858 electos
953 827 1073 858 meos
1085 815 1152 872 (a)
1166 834 1177 871 3
1193 831 1213 856 η
1232 821 1276 858 et
1297 812 1352 858 de
1370 813 1532 875 quibus

126 883 266 928 David
289 893 390 929 ante
410 884 626 930 cecinerat
646 885 795 930 dicens
819 901 829 927 ε
864 904 883 927 «
905 885 1056 930 Dicant
1078 885 1157 946 qui
1182 885 1398 945 redempti
1429 895 1532 931 sunt

127 971 150 996 »
184 971 209 1000 a
228 957 432 1013 Domino,
453 973 563 1019 quos
581 957 770 1002 redemit
790 956 845 1001 de
863 972 999 1001 manu
1014 956 1195 1012 inimici,
1223 956 1279 1002 ab
1294 957 1474 1002 Oriente
1487 966 1532 1003 et

127 1041 150 1066 »
183 1027 352 1071 Occasu
366 1063 378 1083 ,
403 1037 447 1072 et
468 1027 687 1088 Aquilone
705 1036 749 1072 ct
765 1030 926 1073 Austro
943 1025 1026 1086 (b).
1055 1045 1076 1069 >›
1106 1027 1149 1072 Si
1171 1026 1306 1088 (quis)
1321 1043 1426 1087 ergo
1449 1028 1531 1073 ista

118 1093 248 1142 faciat
258 1108 450 1159 quatuor
467 1099 646 1144 nomina
657 1100 704 1144 in
715 1099 913 1158 linguam
926 1115 1129 1159 graecam,
1142 1099 1249 1146 dicit
1264 1120 1273 1146 :
1290 1100 1527 1148 Anathole2

118 1167 242 1228 quod
254 1178 319 1215 est
334 1171 488 1216 Oriens
499 1171 655 1230 3Dytis,
668 1170 791 1232 quod
800 1180 864 1217 est
876 1170 1118 1230 Occidens3
1134 1174 1307 1229 Arctos,
1321 1171 1448 1233 quod
1464 1180 1530 1217 est

116 1239 278 1300 Aquilo
289 1263 302 1301 3
315 1243 594 1300 Mesembria,
611 1243 733 1305 quod
745 1253 809 1288 est
822 1242 1041 1290 Meridies.
1058 1242 1176 1290 Audi
1188 1260 1292 1304 ergo
1303 1242 1528 1306 quomodo

115 1309 280 1358 faciant
317 1313 461 1361 Adam
479 1335 490 1363 ι
511 1315 731 1362 Anathole
755 1317 805 1362 A
812 1336 834 1372 ‚·
852 1315 1031 1374 DytisD
1040 1335 1063 1372 ,·
1078 1318 1233 1362 Arctos
1247 1317 1298 1362 A
1304 1336 1327 1372 ,·
1341 1319 1530 1363 Mesem-

113 1380 208 1428 bria
225 1384 300 1430 M.
323 1387 478 1447 Capita
498 1402 579 1447 ego
594 1387 778 1433 istorum
790 1387 1029 1433 verborum
1044 1386 1252 1446 attende3
1278 1386 1423 1433 Adam
1463 1387 1529 1433 in-

113 1455 260 1501 venies
277 1477 289 1515 3
308 1466 353 1504 et
365 1458 574 1519 quoniam
595 1457 650 1504 de
672 1474 801 1504 carne
823 1458 956 1518 ipsius
966 1458 1109 1504 Adam
1129 1458 1330 1506 Christus
1349 1473 1528 1505 carnem

112 1528 325 1588 suscepit,
353 1545 487 1591 quam
504 1530 551 1574 in
567 1545 697 1575 cruce
718 1529 912 1586 confixit,
928 1530 1016 1577 hoc
1038 1537 1104 1576 est
1125 1528 1343 1590 templum
1357 1528 1414 1576 de
1435 1546 1526 1592 quo

112 1596 251 1645 dixit:
280 1618 302 1644 ι(
327 1602 382 1647 In
419 1600 568 1648 triduo
595 1601 814 1648 suscitabo
842 1599 989 1660 illud,
1029 1609 1074 1646 et
1093 1601 1240 1647 Judaei
1281 1600 1486 1647 dixerunt
1511 1626 1522 1654 :

111 1681 137 1712 δ’)
170 1668 248 1716 XL
276 1680 321 1717 et
346 1674 409 1717 VI
425 1673 549 1718 annis
567 1672 838 1719 aedificatum
859 1681 926 1718 est
959 1672 1194 1733 templum,
1234 1681 1279 1718 et
1298 1672 1346 1718 in
1376 1672 1525 1720 triduo

111 1759 135 1786 ³»
168 1743 399 1791 suscitabis
420 1744 562 1793 illud?
584 1746 665 1793 Ille
685 1754 836 1792 autem
860 1744 1039 1791 dicebat
1059 1744 1116 1790 de
1137 1743 1307 1806 templo
1328 1745 1523 1805 corporis

114 1832 137 1857 )›
171 1815 253 1861 Sui.
281 1835 303 1859 2)

170 1890 248 1934 IV.
264 1890 364 1934 Jam
384 1903 487 1949 ergo
499 1890 790 1946 inveniamus,
807 1898 851 1934 et
867 1903 1109 1934 numerum
1120 1888 1254 1933 istum
1276 1889 1354 1934 XL
1385 1897 1430 1933 ct
1460 1890 1520 1934 VI

110 1974 343 2017 annorum,
359 1961 584 2022 quomodo
603 1961 687 2022 ipsi
703 1960 846 2007 Adam
860 1959 1045 2005 faciant.
1068 1963 1155 2005 Iste
1172 1959 1292 2003 enim
1309 1974 1520 2004 numerus

110 2036 160 2081 in
176 2046 336 2090 magno
361 2041 634 2078 sacramento
651 2040 717 2077 est
736 2031 920 2093 positus,
940 2031 1046 2092 quia
1068 2046 1159 2075 non
1181 2039 1355 2076 tantum
1384 2030 1519 2091 ipsius

109 2102 241 2161 primi
260 2105 451 2150 hominis
473 2120 654 2161 nomen,
677 2105 802 2166 quod
817 2113 882 2149 est
898 2103 1058 2157 Adam,
1084 2102 1313 2162 significat,
1337 2117 1518 2148 verum-

110 2173 447 2220 etiamsecundi
472 2176 662 2221 hominis
683 2175 869 2231 Christi,
889 2173 1115 2236 quomodo
1132 2174 1187 2218 sit
1208 2182 1447 2233 conceptus
1470 2173 1518 2218 in

109 2256 238 2292 utero
257 2247 464 2307 Virginis,
483 2263 625 2310 usque
641 2247 698 2293 ad
714 2257 912 2308 tempora
934 2256 1086 2307 partus
1106 2244 1372 2291 manifestat.
1397 2248 1516 2305 Ergo

111 2318 240 2378 primi
258 2318 450 2363 hominis
462 2335 627 2365 nomen
643 2319 786 2365 Adam
801 2340 812 2378 3
832 2318 878 2363 in
889 2319 976 2364 hoc
993 2333 1229 2363 numerum
1245 2332 1511 2379 quaeramus.

112 2390 252 2435 Graeci
285 2391 532 2436 secundum
563 2407 687 2436 suam
719 2389 965 2437 doctrinam
998 2389 1056 2436 ad
1083 2389 1248 2435 litteras
1275 2402 1512 2434 numerum

111 2471 391 2522 computant,
416 2472 461 2508 et
477 2473 651 2524 ponunt
673 2462 883 2509 dicentes:
903 2461 1047 2523 Alpha
1063 2471 1089 2502 Α
1102 2497 1112 2517 ,
1134 2459 1256 2523 quod
1273 2469 1337 2506 est
1349 2475 1507 2519 unum3

112 2526 215 2578 cum
236 2540 385 2578 autem
406 2533 454 2579 in
473 2534 666 2580 numeris
688 2534 887 2580 scribunt
912 2535 1018 2580 Beta
1040 2537 1062 2570 B
1076 2568 1087 2590 ,
1106 2533 1192 2579 hoc
1213 2532 1368 2579 dicunt
1389 2530 1504 2591 duo3

156 2627 202 2670 (a)
219 2628 334 2665 Matth.
356 2639 449 2672 xxiv,
466 2628 519 2669 31.
548 2646 591 2657 ·-··
617 2628 754 2674 (arsat.
772 2640 841 2672 ενι,
861 2640 879 2664 2
893 2655 902 2672 ,
923 2629 952 2661 3.
