1803 3276
417 303 1090 379 PRAEFATIO.

684 497 826 508 '‘eu-—

588 621 914 669 SYNOPSIS.

126 753 161 797 Ι.
188 749 609 799 Monosteriomm
634 750 911 799 encomium
943 759 987 798 cl
1024 750 1226 798 ulililus.
1268 755 1325 799 ll.
1355 752 1450 801 Bi-

60 826 313 876 bliothecae
325 826 551 876 italianoe
570 826 622 876 in
634 827 865 893 pluribus
882 827 1096 876 intactoe.
1131 830 1210 875 ΙΙΙ.
1239 828 1451 877 Μοηΐίδ-

59 903 258 954 cassini
266 903 623 952 monasterium
637 913 683 952 ct
693 903 979 952 archivium.
989 906 1070 952 IV.
1082 905 1449 953 issonachorum

59 982 111 1030 S.
143 980 398 1031 Benedicti
426 980 670 1030 modestia
701 989 750 1029 et
781 981 1017 1029 studium.
1051 983 1112 1029 V.
1141 981 1450 1031 Bibliotheca,

63 1056 688 1112 Laurentiuna-Mcdicca,
731 1059 785 1107 F
783 1057 1011 1108 lorentioe.
1034 1061 1115 1105 Vi.
1143 1057 1451 1107 Bibliotheca

50 1134 287 1201 principis
309 1134 483 1201 Ghigi,
513 1144 560 1185 et
580 1136 882 1190 sessoriano,
931 1136 1025 1185 sice
1053 1135 1449 1186 Sancite-Crucis

59 1213 111 1261 in
132 1206 484 1281 Jerosolymis,
523 1216 713 1264 Romoe.
753 1216 857 1262 VII.
903 1215 1258 1263 Extraclomm
1287 1232 1349 1262 ex
1374 1213 1450 1262 his

59 1290 355 1341 bibliothecis
379 1291 537 1341 serice.
562 1295 689 1341 VIII.
712 1292 1036 1341 Edcndorum
1059 1293 1332 1356 catalogus.
1369 1296 1447 1340 IX.

59 1366 465 1418 Authenticitolis
502 1378 644 1419 notre.
690 1371 745 1419 X.
791 1368 971 1419 Prima
1014 1377 1135 1418 nola
1176 1389 1191 1417 :
1236 1368 1449 1418 nominis

58 1442 319 1510 inscnjutio.
354 1449 434 1496 XI.
474 1446 706 1496 Secunda
741 1454 861 1494 nola
892 1466 906 1493 .·
945 1444 1337 1494 discordantium
1358 1446 1450 1495 ab-

57 1520 232 1570 sentia.
246 1525 349 1572 XII.
368 1522 543 1574 Tertia
565 1531 686 1571 nota
708 1542 722 1570 .·
750 1522 1155 1571 concordantium
1169 1521 1449 1589 prcesentiu.

58 1601 184 1648 XIII.
207 1599 453 1650 Editionz's
477 1601 613 1650 ordo.
651 1602 782 1649 XIV.
813 1600 1053 1650 Codicum
1083 1610 1318 1650 vetustas.
1344 1602 1447 1649 XV.

58 1676 297 1728 Codicum
306 1678 456 1745 fides.
480 1679 609 1728 XVI.
629 1677 867 1728 Codicum
890 1677 1131 1728 correctio.
1157 1681 1306 1727 XVII.
1327 1678 1450 1744 Epi-

59 1753 214 1820 logus.

118 1849 155 1894 1.
189 1849 236 1895 S1
267 1849 366 1911 quis
395 1847 491 1895 illas
512 1858 601 1895 tam
631 1847 924 1911 multiplices,
960 1857 1048 1895 tam
1078 1857 1327 1904 accuratas,
1362 1857 1453 1893 tam

59 1917 210 1966 doctas
238 1919 557 1966 monachorum
591 1919 921 1966 lucubrationes
944 1919 1242 1981 perpendere,
1271 1928 1316 1964 et
1336 1934 1452 1979 prae-

59 1990 208 2036 sertim
238 1991 438 2051 ingentes
468 1990 727 2036 eorumdem
756 1990 929 2036 labores
953 1991 1058 2035 raris
1080 1991 1171 2036 istis
1201 1999 1246 2035 et
1277 1989 1452 2035 levibus

59 2061 302 2108 recentium
315 2061 678 2124 philosophorum
691 2062 912 2124 opusculis
925 2061 1124 2108 conferre
1136 2060 1342 2116 voluerit,
1362 2076 1454 2106 non

58 2133 221 2194 poterit
251 2134 420 2179 animus
444 2143 712 2196 temperare,
748 2134 856 2196 quin
878 2132 1017 2179 altuni
1044 2135 1304 2196 justumque
1324 2131 1453 2178 dolo-

60 2220 153 2251 rem
184 2204 429 2267 concipiat,
473 2221 577 2252 cum
613 2215 811 2252 veterum
839 2205 1018 2251 illorum
1049 2204 1454 2267 venerabiliumque

61 2276 354 2324 claustrorum
386 2278 563 2324 nonnisi
592 2293 759 2339 sparsas
788 2277 893 2324 hinc
925 2288 970 2324 et
1001 2277 1123 2324 illinc
1163 2277 1332 2332 ruinas,
1365 2277 1454 2321 imo

62 2358 106 2395 et
126 2350 284 2412 saepius
305 2366 362 2395 ne
382 2350 530 2396 ruinas
554 2349 736 2413 quidem
768 2350 941 2396 illarum
974 2350 1146 2412 pietatis
1178 2359 1223 2395 et
1243 2348 1454 2395 doctrInae

63 2422 188 2483 quasi
221 2422 540 2468 academiarum
557 2458 569 2480 ,
607 2423 654 2467 in
683 2432 779 2469 toto
801 2422 1156 2467 christianissimo
1179 2436 1314 2481 regno
1336 2418 1455 2465 oculi

63 2494 357 2554 quaerentium
376 2495 689 2555 perspexerint.
723 2494 856 2550 Quod
884 2504 1032 2540 autem
1058 2493 1228 2554 ingrata
1260 2490 1391 2537 simul
1412 2499 1457 2535 et

64 2563 247 2612 demens
277 2564 434 2628 procul
463 2565 590 2628 eiecit
609 2565 774 2622 Gallia,
810 2564 963 2612 multae
997 2564 1146 2612 adhuc
1176 2561 1458 2626 sapientiores
