1803 3276
348 299 433 339 348
668 313 700 340 s.
737 309 967 341 Aucusrnu
1001 313 1182 343 nmscom
1215 308 1440 343 Arpnnmx.

342 379 416 424 piat
437 378 600 414 locutio?
613 379 677 423 qni
697 379 784 414 dum
805 379 987 416 malornm
1002 381 1219 426 angelorum
1236 382 1330 417 sacta
1343 380 1458 416 verbo
1472 379 1726 422 detestamini,

345 437 604 483 bonorumque
624 438 726 473 ‹lit-ta
748 438 926 482 laudatis,
941 439 1117 484 operibns
1134 439 1409 484 blasphematis.
1435 439 1511 474 Cur
1529 439 1630 483 quod
1649 438 1729 473 lau-

342 496 457 541 datis,
473 508 546 532 non
564 498 779 540 imitamini,
800 498 895 533 sicut
913 498 1015 543 quod
1036 498 1269 544 vituperatis,
1286 496 1546 533 detestamini?
1565 497 1636 533 Sed
1654 508 1728 532 non

342 555 564 591 diabolicum
585 563 643 591 est
662 556 815 591 omnino
837 556 1018 601 quidquid
1040 567 1059 591 a
1083 557 1279 602 praeceptis
1294 556 1361 591 Dei
1381 555 1531 591 videtur
1552 554 1730 590 deviare?

343 615 374 648 A
394 625 469 658 qno
485 620 616 649 contra
633 614 788 660 ‹lejnsto
803 614 929 659 jndice
949 615 1034 649 alibi
1054 615 1210 650 dicitur:
1229 615 1331 658 «Qui
1351 614 1492 650 excutit
1506 623 1633 649 manus
1650 624 1732 649 suas
1790 638 1792 662 3

346 686 361 703 «
389 673 434 707 ab
454 673 552 707 oinni
570 682 746 714 munere,
768 672 835 707 iste
850 673 887 706 in
905 673 1057 708 excelsis
1072 673 1214 708 habitat
1231 673 1294 720 (a).
1312 686 1328 705 ι)
1348 672 1415 709 Ubi
1434 672 1731 708 subaudiendum
1790 678 1793 706 l

343 737 418 771 est,
449 731 533 775 qnia
565 732 592 766 si
626 731 674 775 is,
693 731 757 776 qui
784 742 914 766 manus
931 742 1014 767 suas
1039 732 1085 767 ab
1120 733 1219 768 omni
1245 741 1403 768 munere
1428 732 1592 774 excutit,
1612 731 1649 766 in
1677 741 1734 766 ex-
1790 743 1792 757 ¹

343 789 449 825 celsis
468 790 609 826 habitat
626 817 636 833 ,
656 791 720 835 qui
740 790 809 826 boc
829 802 903 826 non
924 792 1030 835 facit,
1048 803 1121 827 non
1148 792 1184 827 in
1204 792 1355 828 excelsis
1388 791 1592 835 coelorum,
1607 790 1673 826 sed
1694 790 1730 826 in

343 848 580 884 inferioribus
598 855 731 890 terrm,
751 849 887 895 quibus
905 850 1013 885 inseri
1031 850 1291 893 declarantur,
1309 849 1485 886 manebit.

390 907 440 942 X.
468 907 531 943 Ab
543 906 611 942 hac
629 909 794 943 muneris
811 908 1029 954 acceptione
1049 909 1252 944 immunem
1266 919 1304 945 se
1321 907 1474 944 Samuel
1493 906 1733 953 ostendebat,

341 976 429 1002 cum
450 967 495 1002 de
514 967 728 1014 principatu
747 967 864 1013 plebis
889 967 1106 1004 Israelitieae
1122 968 1290 1015 dejectus
1307 967 1478 1004 dicebat:
1498 980 1515 1000 «
1532 965 1737 1002 Conversa-

341 1039 358 1058 »
390 1031 449 1061 tus
462 1035 592 1061 coram
611 1027 715 1062 vobis
735 1026 781 1061 ad
801 1026 1053 1063 adolescentia
1082 1037 1165 1062 mea
1182 1037 1301 1073 usque
1316 1027 1363 1064 ad
1384 1027 1483 1063 diem
1507 1025 1604 1061 hane
1618 1052 1628 1069 ,
1647 1034 1736 1061 ecce

341 1096 361 1119 »
387 1091 521 1131 praesto
539 1095 643 1129 sum;
665 1085 861 1131 loquimini
891 1086 937 1121 de
963 1095 1022 1122 me
1042 1096 1171 1123 eoram
1201 1087 1348 1123 Christo
1380 1086 1476 1133 ejus3
1506 1085 1535 1121 si
1555 1085 1600 1121 de
1626 1094 1738 1120 manu
1792 1132 1793 1135 Ἰ

341 1156 358 1175 »
389 1144 609 1190 cujusquam
629 1154 764 1179 munus
785 1145 933 1190 accepi,
954 1151 991 1180 et
1006 1151 1243 1181 contemnam
1260 1145 1362 1181 illum
1377 1145 1509 1192 hodie,
1526 1144 1738 1180 restituam-
1792 1146 1794 1150 '

341 1213 361 1236 ι)
390 1212 462 1248 que
485 1202 589 1237 vobis
606 1201 674 1249 (b).
692 1214 712 1236 »
736 1207 782 1240 Et
808 1213 853 1237 ne
870 1202 968 1238 forte
991 1203 1035 1246 is,
1063 1204 1222 1248 quisine
1246 1204 1398 1250 praemio
1413 1203 1571 1239 dationis
1586 1230 1596 1246 ,
1614 1203 1738 1248 legum
1793 1209 1798 1225 ν·

334 1263 516 1308 justitiam
531 1268 637 1298 recte
652 1262 834 1306 defendit,
850 1263 927 1299 sine
947 1263 1067 1299 divina
1083 1264 1428 1311 recompensatione
1445 1263 1552 1309 inops
1566 1263 1738 1309 spiritua-
1796 1253 1798 1257 ¹

339 1321 429 1357 lium
447 1331 648 1356 munerum
667 1321 826 1357 existere
850 1321 1095 1366 crederetur,
1115 1323 1283 1359 occurrit
1303 1322 1484 1358 Dominus
1499 1327 1535 1357 et
1558 1331 1628 1367 per
1644 1320 1739 1357 Pro·
1793 1317 1796 1323 ”

340 1381 492 1427 phetam
508 1381 744 1417 admonendo
764 1381 1157 1428 repromisit,dicens:
1172 1382 1366 1426 «Quaerite
1381 1381 1561 1428 judicium
1574 1406 1585 1425 ,
1604 1381 1737 1417 subve-

343 1451 362 1473 »
389 1440 466 1475 nite
491 1450 687 1486 oppresso,
700 1441 867 1487 judicate
885 1440 1045 1486 pupillo,
1062 1441 1251 1477 defendite
1269 1441 1439 1483 viduam,
1459 1439 1606 1482 venite,
1621 1445 1658 1475 et
1678 1449 1738 1474 ar-

343 1511 363 1534 »
391 1500 494 1544 guite
513 1509 586 1542 me,
607 1500 698 1535 dicit
715 1501 894 1537 Dominus
911 1528 920 1543 ,
940 1507 976 1536 et
991 1502 1019 1536 si
1033 1501 1173 1536 suerint
1189 1506 1342 1547 peccata
1361 1505 1484 1535 vestra
1503 1499 1618 1534 rubra
1637 1498 1741 1544 quasi

343 1571 363 1593 »
384 1561 633 1603 vermiculus,
653 1561 756 1597 velut
775 1562 856 1597 lana
873 1561 955 1598 alba
972 1567 1082 1598 erunt
1105 1560 1163 1609 (c).
1178 1574 1195 1594 »
1217 1560 1316 1596 Hinc
1335 1571 1403 1607 per
1423 1560 1661 1596 Salomonem
1685 1560 1742 1594 in-

345 1620 571 1665 extinguibili
597 1622 744 1667 pietatis
768 1621 904 1657 affectu
925 1622 1106 1667 loquitur,
1135 1626 1173 1656 et.
1200 1620 1312 1655 dicit:
1334 1634 1350 1652 «
1371 1619 1414 1654 In
1437 1619 1642 1665 judicando
1663 1625 1742 1654 esto

345 1693 362 1711 »
391 1680 606 1716 misericors
631 1680 779 1727 pupillis
800 1687 842 1717 ut
860 1686 991 1727 pater,
1013 1688 1049 1716 et
1076 1691 1144 1728 pro
1174 1680 1256 1716 viro
1285 1679 1397 1714 matri
1423 1677 1594 1722 illorum,
1614 1683 1651 1713 et
1671 1677 1743 1712 eris
1795 1691 1797 1694 ·

345 1752 362 1771 »
393 1739 497 1774 velut
520 1740 617 1775 tilius
637 1740 817 1776 Altissimi
848 1741 1046 1786 obediens,
1068 1746 1105 1776 et
1132 1739 1371 1776 miserebitur
1401 1739 1455 1775 tui
1480 1738 1597 1783 magis
1628 1747 1742 1783 quam
1794 1756 1797 1782 ς,

346 1812 363 1832 ι)
394 1805 514 1835 mater
529 1799 596 1846 (cl).
613 1813 630 1832 »
654 1800 728 1836 Sed
740 1828 750 1843 ,
770 1806 812 1836 ut
829 1800 958 1837 fornax
972 1811 1169 1845 succensa,
1186 1812 1207 1836 o
1225 1800 1389 1836 avaritiae
1403 1799 1551 1835 aestibus
1567 1808 1672 1834 mens
1687 1799 1745 1833 in-
1794 1784 1798 1835 ⁴ss

346 1858 552 1903 flammata,
563 1860 677 1904 magis
687 1860 875 1906 stipulam,
888 1870 971 1905 quae
988 1866 1023 1895 te
1039 1860 1257 1904 succendat,
1274 1870 1388 1905 quam
1403 1858 1645 1894 abolitionem
1659 1867 1744 1903 pec·
1796 1857 1799 1866 ¹

347 1924 518 1954 catorum
533 1945 541 1960 ‚
562 1929 644 1963 quae
656 1923 693 1954 te
710 1917 755 1953 ab
774 1920 857 1963 igne
870 1919 1044 1954 defendat
1059 1945 1069 1963 ,
1086 1919 1256 1964 inquiris.
1270 1919 1371 1962 Quid
1391 1923 1464 1962 est,
1481 1927 1626 1963 quaeso,
1641 1916 1744 1962 quod
1796 1951 1798 1954 Α

348 1978 536 2024 acquiris?
547 1979 639 2023 quid
650 1984 705 2014 est
723 1979 825 2024 quod
837 1979 976 2015 amittis
987 1979 1004 2014 ἱ)
1018 1989 1078 2014 res
1095 1980 1225 2024 utique
1238 1978 1422 2024 peritura,
1433 1987 1546 2023 quam
1559 1977 1743 2022 acquiris;

348 2047 408 2073 res
425 2048 573 2084 semper
590 2048 766 2074 mansura
779 2067 788 2084 ,
809 2048 922 2084 quam
944 2039 1098 2074 amittis.
1113 2038 1182 2074 Die
1195 2064 1206 2082 ‚
1233 2038 1385 2083 inquam
1398 2063 1408 2081 ,
1427 2037 1521 2082 quid
1541 2035 1606 2072 tibi
1626 2036 1744 2082 majus

348 2099 542 2143 praeminm
562 2098 828 2143 repromittere
850 2099 994 2144 potuit,
1009 2108 1123 2143 quam
1141 2105 1183 2134 ut
1201 2103 1238 2133 te
1256 2107 1326 2144 pro
1339 2097 1416 2133 solo
1426 2097 1504 2144 ejus
1520 2106 1648 2132 amore
1661 2106 1743 2132 rec-

351 2165 402 2192 tas
431 2157 561 2203 judicii
585 2157 789 2193 sententias
816 2156 1072 2204 proferentem
1092 2159 1129 2193 in
1149 2157 1267 2193 filium
1292 2167 1483 2192 assumens
1499 2184 1508 2199 ,
1528 2167 1600 2193 non
1621 2155 1741 2192 solum

350 2222 524 2261 tanquam
544 2222 665 2251 mater
683 2215 806 2252 foveat
822 2242 832 2260 ,
852 2216 1100 2252 verumetiam
1118 2216 1201 2262 plns
1219 2226 1334 2262 quam
1354 2221 1476 2252 mater
1494 2215 1650 2252 internis
1669 2215 1744 2252 vis-

350 2276 502 2312 ceribus
519 2276 594 2311 suis
610 2276 848 2311 miscreatur.

400 2335 473 2371 XI.
500 2336 566 2379 At,
583 2335 757 2381 inquiunt
771 2334 894 2377 multi,
909 2345 984 2371 non
999 2335 1204 2381 accipimus
1223 2335 1269 2370 de
1287 2335 1344 2378 iis,
1365 2335 1428 2381 qui
1447 2334 1572 2381 inopia
1585 2343 1745 2380 pauper-
1796 2352 1798 2354 v

352 2395 436 2430 tatis
452 2395 639 2437 laborant,
658 2396 723 2431 sed
743 2396 788 2430 de
809 2395 853 2430 iis
870 2395 936 2440 qui
951 2395 1090 2431 divitiis
1105 2394 1466 2438 abundant.Quibus
1479 2404 1499 2429 e
1522 2399 1653 2429 contra
1674 2402 1743 2429 nos

352 2454 524 2497 dicimus,
540 2454 717 2499 quoniam
737 2453 827 2489 nihil
847 2453 1016 2495 interest,
1035 2458 1164 2489 utrum
1180 2454 1298 2495 diviti,
1319 2464 1364 2489 an
1375 2452 1740 2498 pauperi,justitiam

352 2512 419 2547 Dei
438 2513 521 2558 quis
538 2513 691 2548 vendat.
713 2513 828 2548 Simili
851 2513 950 2548 enim
971 2522 1016 2548 ex
1031 2518 1195 2558 utroque
1223 2522 1332 2558 poena
1351 2511 1556 2559 plectitur,
1588 2511 1616 2546 si
1643 2510 1745 2556 quod
1795 2502 1799 2510 ”’

396 2609 671 2652 (a)1sa'1'.xxx1n‚
690 2609 813 2653 15,16.
834 2628 876 2635 —
897 2610 941 2653 (b)
967 2622 979 2645 1
999 2612 1075 2654 Reg.
1092 2621 1157 2650 xn,
1173 2618 1206 2652 2,
1228 2612 1258 2644 3.
1281 2608 1477 2651 --(c)1sa·1·.
1505 2620 1533 2651 1,
1556 2619 1609 2652 17,
1632 2606 1682 2640 18.
1703 2624 1744 2630 —
1796 2614 1799 2652 f

352 2664 405 2706 (d)
425 2666 524 2700 Eccli.
549 2678 599 2709 iv,
630 2678 682 2709 10,
708 2678 758 2700 11.
