1803 3276
184 266 323 296 SERMO
355 270 443 297 LXI·
479 270 525 296 ΙΝ
557 267 853 297 SOLEMNJTATE
885 266 939 295 SS·
966 266 1297 296 MACHABAEORUM
1320 272 1350 296 1.
1387 258 1468 297 307

89 331 235 389 deret,
268 336 435 379 totum1
469 333 736 378 aeternaliter
776 332 1029 394 possideret.
1060 337 1158 380 Non
1188 336 1331 379 minus
1362 351 1476 396 quo-

89 408 203 464 que²
220 405 364 466 quinti
385 404 531 449 fratris
560 414 651 449 tam
679 420 763 449 vox
791 404 1033 460 laudanda,
1061 422 1191 466 quam
1218 407 1373 462 virtus,
1399 408 1475 467 qui

88 474 202 519 inter
244 475 456 535 supplicia
506 475 777 520 acerbissima
822 476 1106 532 constitutus,
1148 477 1280 522 fidem
1317 478 1474 521 mentis

89 546 218 591 etiam
235 547 500 591 conscientia
514 547 836 607 praedicationis
856 548 1045 592 ostendit
1060 584 1071 604 ,
1096 549 1244 593 dicens
1263 558 1470 607 tyranno:

92 635 113 659 «
150 620 412 663 Potestatem
430 620 543 664 inter
563 619 760 664 homines
782 619 931 675 habes,
954 635 1056 664 cum
1077 620 1132 664 sis
1154 620 1472 680 corruptibilis,

92 705 113 730 »
148 688 238 733 noli
264 700 409 734 autem
427 700 581 751 putare
608 706 742 749 genus
764 700 961 735 nostrum
995 707 1018 735 a
1046 694 1136 736 Deo
1169 708 1258 736 esse
1288 690 1474 735 derelic-

94 778 116 800 >ι
148 768 270 818 tum3
295 761 511 820 patienter
532 762 718 817 sustine,
740 771 783 806 et
801 762 967 806 videbis
988 778 1191 821 magnam
1213 772 1472 822 potestatem

94 849 117 876 »ι
147 829 288 886 illius,
313 831 500 892 qualiter
521 842 564 877 et
585 842 628 877 te
655 841 698 876 et
723 848 870 876 semen
894 842 1021 876 tuum
1044 833 1268 894 torquebit
1280 835 1362 891 (a).
1392 852 1412 874 )›
1439 833 1477 877 Ο

89 900 293 960 perfectae
315 901 417 946 fidei
439 902 740 948 admirandam
762 903 1084 959 securitatem&
1106 920 1205 964 quaa
1221 913 1476 963 persecuto-

89 972 210 1018 ribus
236 990 327 1019 non
343 974 639 1031 submittitur,
664 976 791 1035 quae4
817 975 1124 1035 torquentibus
1155 975 1473 1020 comminatur!

90 1047 158 1090 Ita
185 1045 456 1091 beatissimus
484 1049 674 1105 Martyr,
703 1047 831 1090 etiam
853 1063 954 1091 cum
976 1048 1181 1091 membris
1204 1064 1296 1092 non
1315 1048 1477 1091 subsis-

88 1125 221 1172 teret,
247 1117 418 1162 animo⁵
439 1127 589 1162 tamen
614 1118 851 1162 tortoribus
880 1119 967 1162 suis
984 1117 1138 1163 fortior
1166 1117 1265 1162 fuit.
1293 1116 1481 1162 Inferior

88 1187 355 1246 conditione,
377 1189 504 1234 altior
519 1188 606 1234 fide
618 1211 629 1248 3
643 1190 782 1234 minas
804 1206 894 1234 non
914 1189 1132 1250 deposuit,
1150 1205 1251 1235 cum
1264 1188 1477 1249 supplicia

87 1261 334 1306 sustineret.
374 1264 462 1317 Ita,
495 1271 713 1322 quantum
740 1262 785 1305 in
814 1262 908 1322 ipso
942 1261 1048 1318 fuit,
1084 1261 1192 1306 dum
1227 1262 1473 1318 cruciatur,

88 1332 279 1391 cruciat,
296 1331 403 1377 dum
421 1332 658 1389 occiditur,
678 1332 953 1392 vindicatur,
973 1350 1022 1378 ac
1037 1334 1112 1389 sic,
1133 1333 1246 1378 inter
1259 1343 1478 1379 tormenta

88 1404 182 1463 ipsa
215 1403 445 1449 sublimior
484 1407 654 1462 Martyr
685 1403 787 1460 fide,
820 1420 954 1465 quam
994 1414 1206 1463 tyrannus
1239 1416 1476 1466 potestate,

88 1475 197 1521 dum
217 1476 568 1536 persecutionem
590 1476 769 1536 patitur,
791 1475 933 1535 ipsum
943 1477 1111 1536 judicat
1125 1488 1474 1539 persequentem.

90 1549 244 1592 Sextus
261 1557 424 1604 autem,
451 1563 553 1592 cum
576 1547 917 1607 triumphalibus
934 1548 1076 1607 poenis
1098 1547 1262 1593 coelum
1277 1550 1481 1594 ascende-

88 1627 177 1674 ret,
201 1618 248 1662 in
271 1619 364 1678 ipso
381 1618 621 1664 admodum
633 1620 725 1679 jam
747 1618 877 1663 beato
899 1619 1017 1663 exitu
1037 1619 1320 1676 constitutus,
1345 1622 1404 1665 sic
1426 1621 1482 1665 ad

89 1699 329 1749 tyrannum
362 1691 446 1736 ait:
482 1710 503 1733 α
536 1689 635 1735 Noli
664 1689 821 1734 frustra
851 1705 1020 1734 errare:
1045 1706 1124 1735 nos
1156 1692 1272 1735 enim
1302 1701 1482 1751 propter

91 1777 119 1802 »-
147 1761 358 1821 nosipsos
377 1761 585 1821 patimur,
620 1760 724 1821 quia
745 1759 1021 1819 peccavimus
1048 1760 1094 1803 in
1115 1761 1352 1805 Dominum
1373 1778 1477 1807 nos—

91 1849 115 1876 »
148 1841 290 1888 trum,
314 1841 358 1876 et
388 1832 523 1891 digna
547 1830 832 1876 admiratione
859 1830 976 1876 sacta
1003 1840 1106 1875 sunt
1136 1831 1183 1875 in
1210 1832 1336 1877 nobis
1347 1831 1427 1892 (b).
1456 1852 1477 1875 n

88 1904 188 1949 Non
201 1902 501 1948 fidestantum
516 1902 565 1946 in
580 1901 739 1946 sanctis
754 1901 1023 1959 Martyribus
1039 1911 1103 1946 est
1119 1902 1392 1959 admiranda,
1411 1903 1481 1948 vel

89 1976 251 2032 virtus,
270 1974 347 2020 sed
366 1975 503 2033 magis
535 1973 775 2019 admodum
808 1972 1005 2031 religiosa
1035 1975 1251 2019 mentium
1284 1992 1482 2020 mansue-

90 2049 223 2105 tudo,
262 2057 306 2093 et
340 2048 454 2092 inter
490 2045 751 2092 excellentes
787 2045 1048 2106 triumphos,
1086 2046 1310 2092 humilitas
1343 2049 1480 2108 magis

92 2121 302 2165 eminens.

150 2194 207 2240 V..
225 2195 353 2240 Nunc
379 2189 436 2235 ad
462 2189 584 2235 illam
603 2187 774 2250 septimi
797 2188 942 2234 fratris
961 2188 1229 2235 laudandam
1251 2191 1476 2247 omnibus,

92 2261 475 2323 venerandamque
493 2261 781 2306 constantiam
807 2261 1054 2318 veniamus,
1078 2261 1154 2320 qui
1183 2261 1339 2306 ultimo
1367 2263 1482 2307 inter

92 2333 251 2380 fratres·
273 2333 373 2378 loco
401 2348 565 2393 passus,
593 2332 791 2377 obtinere
813 2332 897 2376 hoc
919 2331 1165 2376 admirabili
1191 2333 1278 2376 fide
1311 2335 1476 2394 potuit,

93 2414 145 2450 ut
172 2421 334 2452 novam
364 2402 527 2448 faceret
545 2412 644 2464 post
666 2411 731 2449 tot
759 2402 976 2449 victorum
999 2401 1185 2447 fratrum
1207 2402 1323 2449 bella
1345 2405 1479 2452 victo-

141 2501 186 2542 (a)
208 2510 230 2534 2
246 2500 347 2534 Maeli.
363 2512 421 2543 vn,
444 2499 500 2541 16,
522 2511 575 2543 17·
597 2516 639 2522 —-
661 2498 704 2540 (b)
724 2499 806 2531 lbid.
837 2499 888 2531 18.

144 2575 154 2592 ¹
172 2568 255 2601 Edit.
281 2575 386 2601 totum
403 2566 451 2599 icl'.
466 2584 508 2590 -—-
523 2573 536 2589 ²
553 2567 637 2598 Edit.
655 2578 722 2598 non
741 2567 849 2598 minus
864 2578 997 2612 quo-'sne
1011 2574 1070 2597 est.
1091 2584 1130 2589 *-
1146 2565 1158 2589 3
1174 2567 1255 2599 Edit.
1275 2566 1480 2602 admiranda

96 2625 276 2658 securitas.
297 2641 338 2647 --
352 2623 367 2654 4
387 2623 470 2656 Edit.
485 2635 552 2669 qua
567 2640 609 2645 --
628 2621 642 2645 5
666 2622 749 2655 Edit.
766 2624 890 2654 ιιιιίηιιι.

1253 2678 1319 2717 20.
