1803 3276
363 232 443 270 156
793 244 826 269 s.
863 240 1091 269 ΑυουεΤῐΝῐ
1124 240 1305 266 m‘tscom

365 306 473 351 illud
506 306 560 350 de
582 321 671 366 quo
695 305 896 349 fidelibus
928 306 1007 364 piis
1039 305 1198 349 dicitur
1220 322 1227 347 :
1259 323 1278 345 «
1300 302 1458 359 Ungite
1480 302 1620 361 capita
1651 315 1749 344 ves-

365 398 383 418 »
423 388 482 421 tra
497 381 579 434 (a).
606 397 623 416 »
653 380 744 420 lloe
767 386 829 419 est
862 375 966 419 illud
991 376 1110 435 quod
1134 374 1347 433 sapientes
1377 373 1571 430 Virgines
1603 386 1750 415 secum

361 449 413 493 ad
447 448 705 505 vegetandas
739 446 957 506 lampades
991 445 1152 490 serunt.
1203 448 1292 489 lloc
1331 453 1395 487 cst
1435 442 1544 487 illud
1576 442 1630 486 de
1662 457 1750 502 quo

362 519 570 577 scriptum
595 527 651 561 cst
680 537 687 561 ;
717 538 736 559 (ι
773 520 1051 574 [nguentum
1085 532 1105 559 a
1139 516 1278 574 capite
1310 513 1432 574 quod
1462 511 1686 557 deseendit
1708 512 1752 555 in

365 609 384 630 »
424 590 600 633 barbam
618 587 700 644 (h),
731 607 749 627 »
777 605 874 648 qua:
898 589 1134 647 perfectam
1158 587 1238 630 viri
1265 586 1407 642 signat
1428 594 1628 640 {etatemg
1663 598 1752 643 quo

362 660 566 718 splendor
588 675 635 701 ac
660 657 915 701 deliberatio
949 657 1048 701 lidei
1080 658 1122 700 in
1145 654 1457 716 perlectionem
1484 655 1661 698 transire
1693 653 1754 697 vi-

363 730 530 772 detur¹.
558 732 896 785 Compzu·enuis,
923 737 971 771 ut
993 727 1082 771 dixi
1101 762 1110 779 ,
1138 726 1374 785 unguentis
1402 740 1532 769 suave
1557 723 1754 781 fragran-

366 800 479 842 tibus
509 797 654 841 [idem.
677 798 808 841 Moris
839 807 902 841 est
922 799 1086 857 quippe
1110 806 1332 854 unguenta
1359 811 1548 856 quaeque
1569 795 1756 854 pretiosa

363 884 528 912 summa
548 867 849 912 sollicitudinis
868 869 1070 911 cautione
1096 883 1279 911 servare.
1298 870 1420 911 Jaeet
1441 880 1542 924 ergo
1566 874 1608 908 et
1634 864 1757 925 quasi

363 940 615 998 consopitur
638 954 714 998 per
740 939 931 998 quietem
965 937 1174 982 eustodiae
1206 936 1393 997 pretiosa
1426 936 1674 994 fragrantia.
1701 938 1759 979 At

363 1025 462 1055 cum
497 1009 551 1053 ad
577 1010 899 1069 jucumlitatcm
933 1009 1018 1053 diei
1051 1018 1125 1052 aut
1157 1008 1341 1052 convivii
1375 1007 1578 1051 decorem
1610 1004 1758 1066 prose-

365 1081 551 1125 rendum
576 1090 666 1136 est,
696 1090 818 1126 motu
850 1081 1013 1140 recepit
1045 1080 1166 1141 quod
1197 1089 1313 1124 statu
1342 1077 1556 1139 perdidit3
1593 1086 1637 1122 et
1658 1091 1758 1137 pre-

366 1152 490 1205 tium,
512 1151 633 1211 quod
646 1152 767 1211 quies
783 1150 1092 1206 occultaverat,
1111 1150 1257 1211 prodit
1274 1150 1468 1208 agitatio.
1492 1152 1558 1193 lta
1576 1163 1677 1206 ergo
1695 1157 1759 1191 est

364 1231 406 1265 et
425 1222 469 1264 in
493 1237 764 1282 unoquoque
782 1221 976 1266 fidelium
1001 1230 1278 1281 unguentum
1300 1219 1424 1276 fidei,
1451 1220 1583 1264 sirmis
1605 1228 1757 1279 pecto-

365 1307 459 1336 rum
493 1291 676 1335 vasculis
710 1291 836 1351 plena
860 1292 1117 1336 credulitate
1149 1301 1399 1352 susceptum
1416 1326 1427 1346 ‚
1453 1290 1530 1335 sed
1557 1290 1757 1350 perditu-

364 1379 460 1407 rum
474 1366 490 1388 ‘2
508 1362 651 1422 perdit
668 1363 856 1421 pretium
871 1398 881 1418 ‚
903 1363 983 1407 nisi
1007 1363 1313 1423 disputationis
1333 1361 1538 1407 succedat
1560 1362 1753 1421 agitatio.

426 1438 482 1478 Il.
510 1438 612 1478 Haee
640 1434 775 1478 nostri
799 1450 926 1478 eausa
945 1434 1169 1480 sermonis.
1200 1434 1339 1479 Video
1362 1434 1406 1478 in
1423 1433 1573 1478 vestris
1595 1433 1758 1477 menti-

364 1507 472 1561 bus,
500 1515 709 1566 tanquam
742 1505 786 1549 in
818 1505 1134 1564 pretiosissimis
1166 1503 1452 1565 receptaculis
1484 1503 1679 1559 illatum,
1714 1504 1760 1548 in

364 1579 445 1623 hac
478 1579 554 1622 Dei
588 1577 686 1622 aula
717 1593 878 1622 munus
902 1580 916 1603 ³
950 1577 1179 1637 unguenti.
1216 1578 1356 1622 Nimia
1387 1577 1433 1620 in
1464 1591 1534 1620 me
1566 1575 1760 1635 agitandi

364 1648 528 1694 desidia
562 1658 652 1704 est,
688 1649 769 1692 nisi
804 1658 945 1693 totum
977 1649 1117 1693 suavis
1150 1646 1387 1707 fragrantia
1419 1646 1691 1707 impleverit3
1717 1655 1760 1691 et

364 1719 582 1780 quidquid
602 1720 615 1744 ⁴
640 1719 783 1763 adbuc
804 1720 849 1762 in
872 1719 953 1775 his,
979 1735 1079 1780 quae
1101 1718 1242 1763 media
1267 1720 1353 1763 fide
1374 1719 1556 1774 vivunt,
1581 1717 1760 1762 dubita-

367 1791 484 1834 tione
516 1790 730 1833 mentium
769 1789 911 1833 foetet.
959 1790 1075 1843 Quid
1107 1799 1170 1834 est
1201 1806 1304 1849 crgo
1335 1790 1419 1834 hoe
1451 1791 1760 1848 unguentum?

367 1881 386 1903 «
423 1861 621 1905 Christus
643 1870 842 1904 mortuus
868 1869 930 1905 est
954 1869 997 1904 et
1017 1862 1251 1905 resurrexit
1268 1864 1356 1919 (c),
1388 1882 1405 1902 υ
1432 1870 1475 1905 et
1496 1862 1580 1905 hoe
1602 1859 1759 1905 mundi

367 1932 496 1975 totius
518 1932 707 1990 pretium
729 1947 777 1976 ae
801 1930 1043 1991 redemptio
1077 1942 1155 1977 est.
1192 1932 1380 1992 Explora
1403 1947 1545 1987 nune,
1570 1932 1603 1976 si
1625 1931 1755 1986 libet,

363 2003 577 2060 unguenti
594 2002 790 2057 odorem,
808 2004 932 2063 cujus
947 2012 1119 2047 tantum
1136 2004 1341 2063 pretium,
1362 2005 1485 2064 eujus
1504 2012 1592 2047 tam
1609 2002 1760 2048 nobile

363 2089 523 2116 nomen
551 2073 723 2117 audisti.
748 2076 841 2117 Hoc
864 2083 928 2117 est
950 2073 1061 2118 illud
1090 2076 1209 2135 quod
1234 2075 1289 2118 de
1308 2074 1422 2119 coelo
1445 2078 1558 2119 Deus
1580 2073 1754 2119 detulit.

363 2144 468 2196 Quis
490 2143 600 2187 illud
627 2144 818 2203 aceepit?
837 2145 1072 2190 Videamus
1088 2181 1098 2200 ‚
1124 2162 1180 2189 ne
1203 2144 1315 2190 sorte
1334 2145 1408 2190 illa
1431 2147 1553 2207 eujus
1571 2147 1758 2205 figuram

362 2215 556 2274 prsetulit
570 2215 724 2260 mulier
741 2232 840 2276 quae
857 2225 1133 2275 unguentum
1150 2217 1195 2260 in
1211 2216 1479 2278 sepulturam
1503 2217 1690 2274 Christi,
1708 2226 1758 2262 ut

408 2337 453 2377 (a)
469 2337 580 2370 Matth.
602 2349 652 2379 vi,
676 2349 726 2381 17·
749 2356 789 2361 —
808 2337 850 2379 (b)
866 2338 946 2371 Psal.
972 2349 1075 2370 cxxxii
1090 2365 1098 2381 ‚
1118 2349 1150 2371 2.
1171 2357 1213 2362 —
1232 2338 1275 2380 (c)
1295 2342 1384 2372 Rom.
1404 2351 1467 2382 xiv,
1487 2351 1520 2383 9.

412 2417 510 2449 wale
530 2421 663 2450 Eum-rat
683 2419 713 2450 in
739 2418 819 2451 Psal.
839 2430 960 2459 cxxxii,
986 2430 1017 2451 n.
1039 2430 1055 2461 7
1075 2425 1108 2452 et
1127 2431 1175 2452 ιι.
1200 2437 1242 2443 —-
1262 2427 1274 2443 2
1290 2423 1358 2453 Hoc
1377 2420 1564 2453 mendosum
1582 2419 1754 2452 evidenter

363 2477 514 2515 appan—13
540 2473 624 2505 sorte
643 2473 870 2514 custoditum,
894 2480 949 2508 aut
972 2476 1055 2508 aliud
1079 2476 1258 2518 hujusmodi
1286 2476 1483 2509 verbum.—
1505 2475 1518 2499 3
1537 2476 1645 2508 Codex
1673 2476 1757 2508 male

363 2527 560 2559 inanum—4
571 2529 730 2562 Sicliabet
742 2530 860 2572 Co‹lex;
872 2531 925 2562 vix
939 2531 1049 2575 aliquis
1062 2543 1169 2564 sensus
1180 2537 1285 2574 polest
1301 2532 1498 2575 deprehendi
1509 2544 1516 2568 ;
1529 2532 1629 2573 forte,
1640 2529 1751 2563 adest.

364 2600 404 2605 ——-
424 2582 680 2617 ⁵Vi111=1=1nnrrat.
704 2586 734 2617 in
755 2585 834 2618 Psal.
853 2598 922 2628 xxi,
942 2598 972 2618 n.
995 2598 1027 2619 11..
