1803 3276
313 263 452 294 snnito
486 266 559 294 xv.
596 266 641 293 IN
673 264 830 293 NATALI
863 266 1020 293 DOMINI
1055 267 1116 293 IX.
1334 259 1418 298 119

33 332 114 386 bus
136 340 268 392 atque
291 331 657 391 praetereuntihus
674 340 835 374 aeterna
850 329 976 375 nobis
998 331 1177 390 praemia
1199 347 1422 394 compare,-

31 419 128 449 mus
151 422 160 449 :
201 421 223 446 «
254 403 570 463 Faciamusque
595 400 721 446 nobis
743 402 903 446 amicos
931 401 986 446 do
1014 417 1264 447 mammona
1286 408 1368 461 (α),
1397 424 1418 449 »

32 473 79 520 id
88 483 169 533 est,
185 472 240 518 de
252 474 453 535 pecunia,
468 488 601 534 quam
623 471 909 532 possidemus,
924 472 1042 526 «Qui
1059 488 1138 524 nos
1159 473 1358 524 reficiant
1377 475 1424 521 in

34 562 58 598 ρ)
91 554 254 598 aeterna
274 543 555 596 tabernacula
576 542 663 603 (b),
691 561 711 584 »
738 543 822 597 hoe
839 552 918 599 est,
945 558 1173 603 pauperes,
1194 553 1238 588 et
1253 543 1420 605 inopes,

28 615 220 675 ›dssbflssssa
241 615 442 672 claudos,
468 631 604 660 caecos
620 650 631 671 ‚
657 623 788 676 atque
811 614 931 660 omni
956 624 1214 675 paupertate
1236 616 1426 661 circum-

34 685 181 744 datos,
210 687 337 745 nobis
370 687 530 732 amicos
562 686 792 742 faciemus,
818 695 869 733 ut
890 686 1085 746 ipsorum
1107 686 1246 747 adjuti
1268 688 1427 734 oratio,-

34 758 164 803 nihus
191 757 238 802 in
265 773 399 817 regno
432 758 596 804 Christi
624 772 725 803 cum
756 757 857 818 ipsis
887 757 1120 802 intromitti
1153 771 1424 818 mereamur,

8 884 12 885 ⁷
33 844 112 889 per
139 829 362 874 Christum
381 865 392 885 ,
416 831 542 891 cujus
559 830 691 874 hodie
711 828 908 874 Natalem
932 828 1228 886 celebramus,
1255 832 1330 892 qui
1366 832 1426 877 sic

33 900 293 945 mirabiliter
314 900 369 946 de
382 901 562 961 Virgine
583 901 700 946 nasci
716 901 877 956 voluit,
902 910 952 945 ut
974 901 1020 945 in
1041 911 1167 946 utero
1190 917 1281 946 non
1298 904 1429 947 semi-

33 980 138 1017 nato
159 987 337 1032 germen
372 971 506 1033 prolis
526 973 787 1027 exoriretur,
819 980 863 1016 et
884 988 909 1015 a
930 971 1162 1032 complexu
1184 974 1323 1018 carnis
1348 974 1432 1020 vis-

35 1058 133 1088 cera
165 1044 376 1088 immunia
408 1042 572 1088 Filium
595 1042 794 1088 'hominis
830 1040 1092 1103 proferrent.
1150 1042 1280 1097 Quod
1310 1053 1352 1088 et
1384 1045 1432 1090 in

35 1115 215 1174 Virgine
237 1123 348 1161 esset
359 1115 586 1174 integritas
599 1150 610 1172 ,
631 1114 737 1163 etin
751 1123 970 1175 conceptu
987 1114 1132 1159 clausa
1144 1150 1154 1170 ,
1173 1124 1217 1159 et
1237 1115 1284 1159 in
1300 1125 1433 1177 partu

35 1187 300 1267 incorrupta·
304 1187 438 1246 Virgo
454 1188 773 1247 permaneiet1,
797 1186 906 1231 mira
924 1196 987 1231 est
1008 1186 1088 1230 ista
1102 1187 1333 1267 potentia,
1355 1187 1434 1233 sed

35 1257 135 1320 plus
163 1268 227 1304 est
242 1257 443 1320 milanda
463 1273 595 1303 mise1
597 1258 781 1315 icordia
807 1257 929 1320 quod
947 1257 1020 1302 ille
1036 1257 1113 1320 qui
1131 1258 1190 1311 sic
1214 1259 1333 1304 nasci
1348 1274 1432 1320 po-

36 1331 138 1388 tuit,
157 1331 278 1377 nasci
298 1329 453 1376 voluit.
473 1332 581 1376 Erat
603 1330 721 1376 enim
742 1331 897 1375 unicus
915 1331 1055 1388 Patli,
1081 1331 1158 1393 qui
1175 1331 1330 1376 unicus
1347 1332 1432 1377 ho-

37 1400 109 1448 die
125 1413 256 1450 natus
273 1413 338 1449 est
352 1402 506 1461 matri,
527 1413 572 1448 et
590 1404 683 1465 ipse
700 1412 827 1448 natus
845 1412 909 1448 est
924 1418 1002 1464 per
1014 1401 1216 1459 matrem,
1243 1403 1319 1465 qui
1333 1412 1434 1449 ante

38 1473 175 1521 fecit'
163 1492 303 1538 lpsam
323 1439 525 1534 matreni.
554 1473 854 1537 sempiternus
871 1489 924 1519 ex
946 1478 1101 1532 Patre,
1125 1474 1365 1521 hodiernus
1384 1491 1436 1519 ex

39 1551 200 1608 matre,
235 1549 328 1594 sine
360 1564 450 1610 quo
485 1544 632 1594 Pater
642 1562 874 1611 nunquam
906 1545 1021 1606 fuit,
1056 1548 1149 1594 sine
1182 1544 1271 1611 quo
1295 1556 1436 1593 mater

37 1635 276 1682 nunquam
283 1620 448 1666 fuisset.

41 1713 47 1717 ·
98 1693 177 1737 VI.
202 1691 434 1748 Exultate,
459 1691 660 1752 Virgines
682 1692 869 1752 Christi,
896 1708 1072 1739 consors
1093 1700 1234 1739 vestra
1257 1700 1321 1736 est
1340 1693 1437 1737 Ma-

39 1772 106 1808 ter
136 1763 312 1809 Christi.
338 1728 563 1824 Christum
596 1780 749 1824 parere
781 1781 870 1811 non
898 1765 1126 1826 potuistis,
1153 1763 1230 1809 sed
1257 1773 1438 1825 propter

41 1835 264 1881 Christum
296 1851 448 1897 parere
473 1835 688 1881 noluistis.
727 1837 812 1891 Qui
834 1850 926 1882 non
957 1852 1007 1881 ex
1033 1836 1161 1881 nobis
1191 1845 1318 1880 natus
1346 1845 1435 1891 est,

41 1907 164 1951 vobis
186 1916 314 1951 natus
337 1916 415 1952 est,
443 1909 607 1952 Tamen
636 1907 670 1952 si
696 1907 840 1953 verbis
876 1909 968 1969 ejus
1000 1907 1281 1963 meministis,
1322 1906 1436 1952 sicut

44 1978 290 2023 meminisse
312 1978 482 2023 debetis
499 2015 510 2035 ,
536 1980 636 2024 estis
659 1980 790 2031 etiam
809 1995 886 2028 vos
908 1989 1067 2024 matres
1088 1981 1181 2040 ejus
1198 2014 1208 2034 ,
1241 1994 1340 2039 quae
1357 1993 1440 2023 vou

42 2049 260 2094 luntatem
296 2050 434 2094 Patris
462 2052 553 2111 ejus
592 2049 748 2096 facitis.
803 2054 901 2110 Ipse
936 2051 1051 2094 enim
1088 2049 1193 2093 dixit
1222 2068 1230 2094 z
1278 2068 1299 2091 «
1331 2049 1441 2102 Qui-

47 2139 69 2163 »
95 2136 286 2183 cumque
310 2120 466 2166 fecerit
485 2120 757 2166 voluntatem
781 2121 919 2166 Patris
935 2123 1038 2177 mei,
1054 2121 1146 2181 ipse
1162 2120 1271 2164 mihi
1288 2118 1437 2177 frater,

48 2209 69 2233 >›
96 2208 218 2237 soror
233 2227 244 2248 ,
282 2201 326 2236 et
346 2201 486 2236 mater
509 2201 574 2237 est
590 2195 668 2251 (c).
699 2211 719 2234 »
755 2191 981 2248 Exultate,
1009 2201 1052 2237 et
1072 2188 1231 2237 Vid'uae
1252 2191 1438 2248 Christi,

43 2263 148 2325 quia
169 2263 248 2325 qui
268 2262 527 2318 foecundam
540 2262 657 2318 ‚iecit
682 2264 975 2322 virginitatem
996 2300 1008 2320 ,
1046 2263 1111 2308 illi
1130 2263 1306 2311 vovistis
1331 2279 1416 2309 con

45 2335 244 2393 tinentiae
284 2335 528 2381 castitatem
545 2339 578 2381 ².
624 2335 807 2381 Exultet
843 2337 975 2381 etiam
1012 2336 1181 2381 castitas
1203 2333 1439 2395 nuptialis,

48 2422 200 2465 omnes
216 2405 404 2459 fideliter
425 2406 621 2452 viventes
643 2422 746 2452 cum
768 2408 1031 2468 conjugibus
1051 2406 1224 2462 vestris,
1256 2415 1300 2452 et
1321 2405 1444 2468 quod

94 2527 224 2571 (a)Luc.
244 2538 310 2570 xvr,
327 2539 361 2572 9.
374 2545 417 2551 —
434 2527 478 2569 (b)
492 2529 570 2562 Luc.
590 2539 658 2570 xvi,
675 2539 708 2572 9.
728 2545 771 2552 -
788 2528 954 2569 (c)Matth.
975 2540 1031 2570 xii,
1052 2527 1106 2560 50.

75 2629 77 2631 .
101 2603 110 2619 ¹
129 2598 203 2635 Quae
235 2600 411 2640 sequuntur
440 2606 542 2639 usque
576 2596 616 2628 ad
648 2595 743 2628 finem
770 2597 878 2639 paucis
908 2595 1162 2638 discrepantibus
1188 2594 1309 2629 editum
1341 2598 1388 2627 est
1414 2593 1447 2625 in

54 2653 156 2685 Serm.
176 2663 266 2686 cxcn.
287 2669 330 2676 —-
363 2659 375 2675 ²
393 2650 476 2684 Edit.
497 2651 607 2684 melin<
626 2652 855 2685 summitatem.
