1803 3276
342 266 421 304 162
761 280 793 300 s.
832 277 1059 304 arcessunt
1098 277 1273 303 hrlscum

334 337 442 395 biit,
467 349 517 385 ut
538 348 580 384 tc
602 340 788 400 eriperet
815 350 1017 398 oetcrme3
1045 341 1234 400 suscepit
1261 342 1395 386 vitam
1426 350 1566 398 tuam,
1599 354 1650 388 ut
1683 354 1724 390 te

330 411 386 458 ad
401 427 524 457 suam
543 413 864 457 intromitteret.
888 411 1064 456 Inferna
1088 413 1306 472 ingressus
1324 423 1388 457 est
1403 449 1414 468 ‚
1440 423 1490 458 ut
1511 423 1560 459 tu
1577 416 1723 474 egredi

325 483 474 543 possis.
509 483 604 529 Suis
627 483 882 528 vulneribus
904 482 1084 528 vulnera
1111 494 1258 529 nostra
1293 484 1484 543 sanavit3
1509 485 1595 531 suis
1624 486 1721 546 pla-

326 555 412 614 gis,
442 554 733 600 damnationis
767 565 925 600 nostrae
960 554 1132 614 plagam
1166 556 1363 601 removit.
1399 556 1506 601 Dico
1542 567 1690 602 autem
1706 594 1718 614 ,

324 629 518 682 Fratres,
549 627 646 686 pius
679 636 743 671 est
777 626 968 671 medicus
1003 627 1079 687 qui
1110 642 1273 685 aegrum
1302 643 1383 672 suo
1406 628 1602 684 servitio,
1634 629 1721 674 suis

323 708 448 743 curat
468 697 725 758 impendiis3
756 699 833 758 qui
855 713 1053 743 cruorem
1077 714 1126 743 ae
1149 699 1314 743 saniem
1335 698 1576 744 alienorum
1600 700 1722 746 ulce-

320 785 434 824 nun,
452 785 543 815 non
565 785 711 814 amore
729 771 944 829 pecuniae,
970 769 1047 814 sed
1069 769 1234 827 salutis,
1254 772 1416 831 rejecto
1440 781 1582 832 potest
1604 771 1719 817 ferre

318 841 534 888 fasu‘dio1.
556 843 722 887 Verum
745 842 862 886 enim
884 858 989 887 vero
1011 843 1216 888 omnibus
1243 845 1382 904 majus
1405 854 1503 900 est,·
1517 845 1715 905 excipere

316 914 569 976 quempiam
591 913 799 970 vulnera,
819 923 870 958 ut
899 914 946 958 in
968 924 1010 959 tc
1027 914 1162 975 possit
1195 914 1396 960 conferre
1420 915 1711 975 medicinam3

313 1002 392 1032 sua
408 986 455 1031 in
472 985 714 1031 remedium
733 996 860 1031 tuum
877 987 1072 1047 praebcrc
1086 986 1222 1032 latera
1236 1008 1246 1046 3
1261 1003 1306 1032 se
1329 988 1567 1033 secandum
1585 988 1710 1044 dare,

313 1067 366 1102 ut
387 1067 567 1103 tuorum
588 1057 787 1102 ulcerum
808 1058 941 1114 virus,
962 1057 1083 1120 quod
1107 1058 1236 1103 saluti
1254 1068 1341 1103 tuae
1363 1059 1511 1104 obstat
1526 1095 1538 1115 ,
1562 1060 1714 1105 effun-

313 1128 406 1175 dat.
433 1134 527 1175 1100
544 1130 649 1175 facit
666 1131 884 1186 Christus,
912 1131 997 1176 hoc
1015 1141 1161 1176 noster
1175 1131 1301 1176 nobis
1321 1130 1519 1177 Salvator
1540 1131 1717 1192 impen-

311 1202 377 1248 dit
398 1221 407 1248 :
425 1203 645 1262 piissimus
667 1212 711 1248 et
732 1204 978 1249 communis
994 1204 1194 1249 omnium
1209 1204 1423 1261 medicus,
1441 1220 1533 1250 non
1554 1202 1710 1250 eOrum

310 1289 423 1335 quos
444 1275 654 1331 curabat,
679 1275 757 1320 sed
778 1291 856 1320 suo
872 1311 883 1332 ,
903 1276 950 1320 in
967 1275 1107 1320 salute
1129 1276 1354 1333 omnium,
1373 1291 1529 1322 cruore
1547 1290 1714 1338 resper-

309 1361 382 1392 sus
405 1355 484 1392 est.
506 1346 740 1408 Redempti
764 1363 913 1393 sumus
930 1357 1054 1394 tanto
1071 1349 1230 1409 magis⁷
1245 1358 1422 1411 quanto
1439 1349 1586 1394 minus
1608 1365 1717 1411 cap-

309 1417 525 1465 tivitatem
541 1429 735 1465 nostram
752 1420 1036 1465 videbamus:
1055 1421 1195 1465 curati
1218 1430 1342 1467 tanto
1362 1421 1498 1481 magis
1509 1457 1521 1479 ‚
1538 1430 1714 1483 quanto

308 1493 454 1557 minu-s*
475 1493 783 1554 {egritudinem
802 1503 1001 1541 nostram
1023 1493 1334 1539 sentiebamus.

367 1568 448 1612 IX.
484 1569 590 1613 Haec
610 1567 760 1628 itaque
793 1553 1026 1613 dominicae
1052 1566 1194 1612 crucis
1224 1567 1355 1612 causa
1383 1575 1463 1612 est.
1503 1566 1713 1621 Quodam

305 1637 443 1685 modo
475 1640 594 1685 enim
615 1655 694 1700 per
715 1638 885 1696 Adam,
923 1641 1169 1685 humanum
1203 1654 1340 1700 genus
1369 1639 1713 1698 transgressione

307 1712 543 1774 praecepti,
567 1712 684 1773 pacti
707 1727 844 1772 genus
865 1727 968 1758 cum
990 1722 1132 1758 morte
1153 1711 1498 1772 conscripserat;
1522 1710 1601 1757 sed
1628 1710 1713 1757 do·-

306 1785 429 1830 navit
445 1784 577 1830 'nobis
612 1785 758 1830 omnia
782 1784 941 1830 delicta
957 1820 969 1840 ‚
1000 1804 1021 1828 «
1045 1784 1203 1830 Delens
1238 1783 1361 1846 quod
1397 1784 1603 1829 adversus
1631 1799 1711 1830 nos

309 1872 334 1898 »
366 1865 460 1901 erat
480 1855 840 1916 chyrographum
862 1855 1026 1900 decreti
1053 1855 1176 1917 quod
1201 1865 1295 1901 erat
1323 1855 1593 1900 contrarium
1624 1870 1710 1901 no-

307 1945 330 1971 »
363 1927 446 1972 bis.
466 1930 524 1972 Et
538 1927 684 1987 ipsum
711 1926 815 1972 tulit
830 1927 886 1972 de
907 1926 1076 1984 medio,
1101 1929 1280 1988 affigens
1300 1927 1414 1972 illud
1436 1927 1556 1973 cruci
1572 1963 1583 1984 ⁷
1605 1943 1710 1988 spo-

307 2015 331 2042 »
364 1998 474 2044 lians
493 1999 770 2059 Principatus
787 2007 830 2043 et
851 2002 1093 2044 Potestates
1109 2034 1120 2054 ‚
1145 1999 1339 2044 traduxit
1355 1997 1500 2059 palam
1517 2034 1528 2054 ‚
1550 1998 1709 2043 trium-

307 2087 330 2112 »
363 2071 504 2129 phans
524 2068 623 2115 issos
644 2069 691 2114 in
712 2070 944 2130 semetipso
960 2071 1046 2129 (a).
1074 2088 1095 2113 »
1124 2069 1277 2115 Deleto
1294 2086 1400 2129 ergo
1424 2085 1503 2130 per
1528 2085 1708 2115 erucem

302 2141 455 2187 mortis
491 2141 823 2202 chyrographo,
860 2142 950 2187 vita
987 2151 1185 2202 reparata
1223 2151 1302 2187 est.
1347 2144 1466 2187 Mors
1503 2141 1621 2185 enim
1660 2141 1708 2186 in

303 2213 479 2261 Christo
506 2212 616 2274 quid
638 2211 760 2258 aliud
797 2228 929 2273 quam
963 2213 1272 2258 resurrectioni
1305 2212 1455 2258 locum
1488 2212 1707 2273 praebuit?

302 2285 581 2330 Resurrectio
603 2294 751 2329 autem
771 2284 818 2328 in
845 2285 1043 2341 Christo,
1069 2300 1248 2329 omnem
1275 2284 1502 2330 hominem
1525 2282 1581 2328 de
1599 2299 1706 2344 pro-

302 2357 398 2418 pria
425 2357 741 2402 resurrectione
772 2357 1018 2402 confirmat.
1063 2359 1270 2417 Superest
1299 2365 1352 2402 ut
1383 2371 1532 2401 secum
1563 2371 1704 2406 unus-

303 2428 490 2490 quisque
520 2428 749 2485 decernat,
782 2437 833 2473 ut
853 2428 966 2473 sicut
987 2427 1118 2473 morti
1140 2426 1332 2488 publicae
1353 2427 1452 2472 finis
1474 2427 1702 2487 impositus

303 2508 391 2556 est,
414 2499 497 2555 ita,
521 2499 568 2544 in
587 2499 677 2545 vita
696 2515 773 2545 sua
789 2535 800 2557 ‚
818 2499 916 2545 finis
937 2508 1126 2559 ponatur
1151 2507 1197 2544 et
1217 2497 1402 2545 crimini.
1429 2498 1700 2545 Excutienda

349 2594 398 2637 (a)
414 2594 533 2629 coloss.
551 2605 591 2636 n,
613 2593 675 2637 14„
695 2596 748 2629 15.

354 2669 362 2685 ¹
379 2663 457 2695 vids:
479 2666 580 2696 svrm.
607 2674 748 2702 IVAS'n,
772 2675 801 2694 n.
835 2664 891 2703 13,
913 2668 941 2693 vt
962 2674 1039 2694 nxz
1055 2688 1062 2697 ,
1082 2673 1112 2694 n.
1136 2662 1160 2704 ἦ
