1803 3276
581 319 719 346 SEnMo
752 320 851 347 va.
888 319 941 346 m:
974 317 1273 347 POENITENTIA.
1547 308 1630 349 325

243 393 388 428 autem
407 383 554 428 multis
578 384 834 430 vulneribus
856 383 1047 430 conditio
1064 385 1255 428 humana
1276 384 1461 441 laboret,
1487 394 1632 430 tamen

241 470 371 499 nemo
389 455 602 514 desperet,
619 455 722 515 quia
745 456 952 500 Dominus
975 455 1073 499 satis
1096 454 1239 513 largus
1262 465 1326 500 est
1347 456 1460 501 circa
1482 470 1632 501 omncs

239 524 496 584 languentes
518 526 823 571 misericordiae
846 543 935 572 suae
958 527 1072 572 bona
1087 527 1277 572 libenter
1298 529 1570 588 impendere·

300 599 358 640 ΙΙ.
382 596 467 642 Sed
485 596 596 642 sorte
621 597 727 643 dicit
756 598 910 659 aliquis
934 614 1021 642 non
1046 614 1089 642 se
1110 599 1273 644 habere
1295 599 1416 660 quod
1433 600 1629 660 plangat.

239 670 451 713 Recurrat
478 671 782 731 unusquisque
805 668 860 714 ad
881 669 1191 714 conscientiam
1216 685 1354 725 suam,
1376 679 1419 714 et
1442 671 1633 714 inveniet

238 738 284 782 in
307 749 483 799 pectore
505 757 582 785 suo
612 741 889 801 interpellare
911 751 1154 801 peccatum.
1182 744 1303 786 Unus
1326 742 1466 786 cordis
1488 742 1630 801 plaga,

239 810 348 855 alter
373 813 564 872 corporis
594 812 766 858 laborat
798 813 977 874 injuria,
1008 813 1084 858 uni
1123 812 1374 858 dominatur
1403 813 1630 873 superbia,

238 881 422 927 alterum
444 884 688 929 inflammat
710 885 951 944 cupiditas,
981 900 1121 929 unum
1152 885 1294 942 arguit
1315 884 1476 929 falsitas
1491 919 1502 940 ,
1530 884 1636 928 alte-

238 969 353 1009 rum,
385 969 463 1014 per
485 955 732 1010 avaritiam,
763 954 954 1000 maculat
978 955 1117 999 aliena
1138 964 1396 1015 paupertas,
1421 971 1535 999 unus
1557 970 1635 1014 per

237 1024 498 1069 effusionem
540 1026 762 1084 sanguinis
792 1026 973 1070 humani
1006 1024 1240 1085 polluitur,
1278 1025 1386 1070 alter
1418 1024 1635 1070 vilissimae

234 1094 426 1139 mulieris
437 1110 584 1141 amore
597 1095 860 1140 sordidatur.
883 1095 953 1140 Ad
970 1096 1047 1140 has
1065 1104 1207 1140 tantas
1221 1111 1270 1140 ac
1288 1104 1376 1140 tam
1390 1096 1635 1156 praecipuas

237 1165 326 1209 sive
347 1165 504 1210 mentis
529 1166 617 1211 sive
639 1166 831 1226 corporis
851 1165 998 1227 plagas
1021 1165 1245 1226 quomodo
1267 1181 1357 1210 non
1382 1175 1447 1210 est
1465 1166 1542 1226 qui
1564 1166 1635 1208 in-

239 1235 473 1295 gemiscat?
500 1235 570 1280 vel
602 1237 678 1297 qui
707 1252 797 1282 non
842 1235 1057 1296 supplices
1089 1236 1305 1295 lacrymas
1332 1234 1516 1280 fundat?
1551 1237 1638 1280 Ne-

237 1305 398 1351 minem
413 1321 516 1366 ergo
533 1306 698 1366 pudeat
719 1310 809 1352 Deo
837 1307 995 1351 offerre
1011 1305 1191 1351 vulnera
1209 1323 1300 1351 sua.
1326 1309 1563 1367 Nunquam
1581 1304 1638 1349 ad

238 1376 482 1420 remedium
504 1378 719 1437 pervenit,
746 1378 823 1439 qui
843 1378 988 1423 curari
1010 1377 1241 1422 erubescit.
1269 1378 1431 1422 Omnes
1457 1376 1638 1435 aegritu-

239 1446 379 1504 dines,
401 1447 495 1492 aliae
513 1446 728 1494 faciliores
753 1459 877 1505 sunt,
903 1450 998 1495 aliae
1024 1449 1238 1494 difficiles.
1266 1447 1447 1493 Nullum
1470 1447 1641 1507 gravius

238 1518 556 1564 infirmantium
580 1536 717 1579 genus
731 1531 810 1577 est,
832 1537 967 1582 quam
992 1521 1183 1582 aliquem
1206 1520 1384 1565 morbos
1406 1535 1506 1564 suos
1525 1517 1642 1563 nolle

239 1602 406 1633 sanare.
427 1592 599 1634 Docent
620 1591 704 1635 hoc
727 1591 902 1636 Litterae
925 1607 1071 1636 sacrae.
1090 1589 1246 1636 Nullus
1261 1590 1337 1651 qui
1355 1590 1553 1651 quaesivit
1571 1603 1640 1632 re-

238 1659 457 1718 medium,
489 1663 644 1722 periit3
671 1663 820 1709 nullus
853 1665 930 1725 qui
953 1663 1238 1723 contempsit,
1268 1662 1416 1707 evasit.
1445 1660 1643 1705 Peritura

238 1742 338 1793 post
359 1732 556 1777 triduum
574 1734 866 1780 Ninivitarum
885 1735 1036 1780 civitas
1048 1743 1156 1789 erat,
1172 1733 1254 1778 nisi
1268 1732 1321 1777 ad
1333 1731 1643 1792 poenitentiam

239 1804 517 1864 confugisset.
544 1807 664 1860 Quid
685 1808 802 1852 enim
825 1809 1043 1868 Propheta
1065 1807 1198 1851 dixit?
1224 1805 1419 1851 «Adhuc
1443 1803 1644 1849 triduum

242 1895 263 1919 »
299 1887 343 1922 et
369 1877 525 1923 Ninive
558 1879 854 1924 subvertetur.
891 1883 948 1923 Et
980 1878 1166 1923 verbum
1190 1877 1392 1937 pervenit
1420 1875 1475 1920 ad
1499 1890 1644 1934 regem

244 1968 263 1991 »
298 1949 470 2004 Ninive,
496 1959 538 1993 et
561 1951 744 1993 surrexit
757 1949 812 1993 de
830 1948 931 1994 sede
954 1965 1047 2004 sua,
1068 1958 1110 1993 et
1129 1948 1275 2008 posuit
1290 1948 1549 1991 vestimenta
1567 1961 1644 1990 sua

245 2038 264 2061 »
301 2035 324 2063 a
341 2035 385 2063 se
408 2028 451 2063 et
479 2020 650 2079 operuit
672 2036 716 2064 se
738 2019 902 2075 cilicio,
929 2029 972 2064 ct
998 2018 1110 2064 sedit
1138 2034 1267 2078 super
1289 2018 1481 2062 cinerem
1504 2019 1586 2075 (a).
1618 2035 1638 2057 »

242 2094 401 2150 Magna
429 2089 687 2146 satisfactio,
726 2090 1026 2147 Dilectissimi3
1060 2089 1264 2150 deposuit
1291 2090 1552 2134 vestimenta
1576 2103 1645 2132 re-

243 2161 369 2220 galia,
395 2171 438 2206 et
460 2161 632 2221 operuit
652 2177 696 2205 se
719 2161 874 2206 cilicio.
903 2161 1061 2205 Maluit
1082 2159 1262 2204 enimin
1277 2159 1418 2204 cilicio
1441 2157 1641 2214 evadere,

243 2249 378 2294 quam
401 2233 446 2278 in
479 2233 686 2293 purpuris
708 2232 921 2293 deperire.
960 2232 1045 2277 Ubi
1071 2241 1164 2276 erat
1185 2241 1291 2276 tunc
1317 2230 1392 2275 illa
1421 2230 1540 2288 regni
1569 2246 1645 2274 su-

244 2303 461 2348 blimitas?
483 2313 534 2348 ut
553 2303 757 2348 evaderet
771 2318 951 2364 poenam
965 2303 1198 2363 superbiae,
1224 2300 1423 2359 confugit
1440 2301 1496 2345 ad
1518 2300 1645 2345 auxi-

245 2375 355 2419 lium
367 2374 643 2433 humilitatis,
659 2384 709 2420 ut
723 2375 1020 2434 intelligamus
1029 2377 1120 2419 Deo
1133 2372 1231 2434 plus
1244 2388 1335 2418 esse
1351 2371 1645 2417 humilitatem

246 2462 379 2507 quam
403 2455 679 2506 potestatem.
714 2445 924 2491 Omnium
956 2446 1073 2489 enim
1109 2444 1417 2490 Ninivitarum¹
1457 2458 1644 2502 regnum

249 2526 354 2561 tunc
387 2517 618 2562 interiisset
651 2516 732 2561 nisi
755 2515 896 2561 illud‘2
926 2516 1183 2576 poenitentia
1204 2524 1387 2575 patrona
1413 2521 1635 2558 servasset.

295 2612 341 2654 (a)
365 2616 437 2646 Jon.
453 2624 485 2645 nl
499 2639 508 2655 ,
525 2611 556 2656 4,
572 2614 604 2646 6.

303 2687 310 2703 ¹
329 2681 406 2713 Cod.
428 2681 621 2718 Ninim'tr'ci‚·
640 2680 904 2724 sortepr·1'11esp1·c
928 2678 1113 2712 Nz'nc'wz'ticz'.
1131 2695 1172 2700 —
1191 2684 1203 2700 ²¹
1218 2677 1297 2709 Cod.
1319 2688 1404 2708 eum.
