1803 3276
466 266 607 294 sen-no
644 268 720 293 xii.
758 267 801 293 m
836 265 990 292 τευ-,111
1026 268 1180 294 noxus-u
1217 271 1244 294 1.
1488 257 1544 295 67

158 330 274 376 elicit
297 330 567 392 obsequium
592 330 682 376 dies
705 329 903 390 exigit‘in
924 330 1202 390 praedicando
1226 332 1514 394 frequentiam
1533 354 1543 391 3

157 401 361 448 sanctitas
381 412 521 448 vestra
537 412 747 463 provocat
769 403 1081 462 apparentiam.

219 475 279 519 ΙΙ.
300 473 466 529 Jussio,
491 473 695 534 inquam,
719 473 846 517 nobis
882 472 1038 516 indixit
1070 473 1309 531 angariam,
1336 483 1379 518 et
1404 475 1548 520 videte

158 543 270 604 quid
290 545 501 590 Dominus
525 545 665 591 dicat:
699 564 719 588 ι(
746 545 830 598 Qui
853 554 896 588 te
918 545 1203 603 angariaverit
1224 545 1343 589 millo
1375 562 1546 606 passus,

162 632 184 655 υ
217 614 329 659 vade
354 631 455 661 cum
475 631 527 661 eo
557 615 638 661 alia
661 614 844 674 duom).
873 633 894 656 »
920 615 1040 661 Cedo
1068 616 1279 676 impcrioz,
1320 616 1552 662 dominicas

158 684 385 733 sententiae
408 686 649 732 succumbo
663 707 675 746 3
689 685 856 747 judicio
874 686 984 731 colla
1002 687 1238 746 submitto,
1257 687 1328 733 hic
1345 704 1416 732 me
1430 687 1555 733 ducit

159 754 215 801 ad
240 767 381 801 unum
408 756 661 802 milliarium
678 794 688 813 ,
714 773 795 817 ego
829 757 909 802 tria
947 758 1101 803 offero.
1127 761 1314 804 Cursum
1338 775 1485 804 meum
1508 760 1556 804 in

162 827 373 875 Trinitate
405 830 597 889 perficio.
634 830 714 875 Ille
750 839 876 875 vocat
904 830 959 874 ad
980 831 1220 890 unitatem,
1246 847 1326 890 ego
1348 847 1450 876 cum
1478 830 1556 875 illo

159 913 293 959 pergo
315 915 455 961 usque
485 900 542 945 ad
566 901 833 946 Trinitatem.
861 903 955 946 Una
989 911 1053 946 est
1082 918 1186 961 ergo
1213 911 1257 946 et
1280 901 1490 961 angariati
1513 910 1558 946 et

161 970 423 1030 angariantis
442 971 655 1026 intentio,
681 972 783 1032 quia
803 988 976 1016 necesse
998 981 1063 1016 est
1097 982 1147 1016 ut
1174 988 1349 1017 mecum
1377 981 1446 1016 eat
1480 973 1559 1032 qui

161 1056 232 1086 me
249 1041 460 1101 angariat.
490 1061 511 1090 (ς
537 1043 622 1096 Qui
644 1051 687 1086 te
710 1043 1019 1102 angariaverit,
1045 1043 1212 1103 inquit,
1238 1043 1357 1088 mille
1378 1058 1528 1103 passus
1543 1078 1557 1098 ⁷

164 1130 186 1154 1»
220 1113 332 1158 vade
363 1129 466 1158 cum
488 1112 565 1159 illo
587 1112 668 1160 alia
690 1113 794 1159 duo.
823 1132 844 1156 »
875 1116 912 1158 Ο
942 1114 1117 1173 angaria
1145 1114 1298 1170 beata,
1335 1131 1435 1175 quae
1469 1129 1560 1159 non

162 1182 267 1228 facit
283 1184 512 1245 injuriam,
538 1185 615 1229 sed
635 1185 839 1245 perducit
864 1184 919 1230 ad
943 1184 1152 1244 gloriam!
1182 1189 1329 1231 Unum
1363 1195 1408 1230 et
1439 1185 1559 1244 duo;

163 1254 243 1300 tria
264 1253 312 1299 in
334 1270 489 1305 unum.
515 1255 695 1310 Quadra
728 1257 797 1301 via
818 1256 992 1301 venitur
1020 1256 1076 1300 ad
1096 1257 1309 1316 patriam,
1345 1258 1447 1318 quia
1482 1272 1563 1317 per

161 1335 354 1388 quatuor
393 1325 629 1386 Evangelia
671 1327 891 1373 Trinitatis
932 1329 1125 1389 capimus
1163 1339 1448 1374 sacramenta.
1490 1329 1561 1376 Ab

163 1412 260 1453 11110-
296 1396 466 1456 ad3tria
498 1399 748 1458 pergimus,
782 1408 826 1443 et
857 1415 960 1444 cum
998 1415 1076 1460 per
1110 1399 1192 1445 tria
1227 1401 1469 1457 currimus,
1507 1397 1564 1445 ad

164 1483 305 1515 unum
331 1468 609 1516 recurrimus.
638 1469 724 1514 Sed
745 1469 790 1514 in
812 1470 980 1514 unitate
1003 1487 1103 1530 quae
1125 1471 1206 1515 tria
1228 1481 1329 1516 sunt
1352 1488 1442 1517 non
1467 1471 1567 1516 fini-

163 1555 278 1598 mus.
314 1541 431 1598 ,Ecce
451 1538 500 1583 in
528 1540 610 1598 hac
631 1539 720 1596 via,
746 1557 833 1601 qua
855 1540 1102 1602 pergimus,
1128 1550 1213 1587 tres
1234 1543 1363 1589 video
1388 1557 1566 1588 manare

164 1611 324 1670 fontes.
363 1614 434 1657 En
465 1627 591 1656 aures
629 1612 764 1669 erexit
794 1612 1049 1672 haereticus,
1084 1614 1207 1675 quasi
1245 1614 1413 1661 audivit
1444 1614 1567 1677 quod

165 1683 289 1743 vult3
309 1683 460 1729 audiat
481 1698 583 1742 ergo
613 1692 656 1729 ct
682 1683 804 1745 quod
817 1697 908 1734 non
924 1682 1034 1730 vult.
1062 1687 1186 1741 Tres,
1207 1687 1410 1747 inquam,
1435 1686 1566 1732 video

166 1772 343 1810 manare
365 1755 534 1813 fontes,
563 1756 640 1801 sed
660 1771 749 1802 una
770 1771 880 1802 vena
896 1765 960 1801 est
981 1757 1145 1818 quae-in
1165 1759 1306 1804 tribus
1325 1759 1564 1820 exuberat3

166 1827 270 1888 quia
305 1827 491 1873 Trinitas
512 1827 559 1872 in
587 1827 756 1872 unitate
780 1826 1028 1887 redundat,
1054 1846 1103 1875 ac
1140 1830 1224 1887 sic,
1270 1831 1348 1892 qui
1385 1847 1437 1876 ex
1473 1846 1565 1877 uno

163 1898 351 1955 biberit,
378 1898 434 1943 de
456 1898 666 1952 omnibus.
683 1899 812 1944 bibit.
848 1901 1164 1945 Verumtamen
1192 1900 1314 1946 nulla
1337 1902 1503 1947 ratione
1520 1917 1566 1949 se

167 1970 320 2027 satiat,
340 1969 422 2014 nisi
443 1985 494 2015 ex
518 1970 722 2016 omnibus
740 1970 886 2027 bibat,
907 1980 958 2016 ut
980 1971 1186 2018 eumdem
1203 1974 1365 2034 saporis
1389 1984 1567 2035 gustum

166 2040 216 2089 in
229 2056 340 2087 vena
358 2040 537 2085 unitatis
559 2041 767 2086 inveniat.

230 2113 312 2156 111.
339 2108 516 2169 Dictum
536 2110 648 2156 iilud
670 2111 844 2156 Domini
865 2111 1107 2158 evidentius
1129 2123 1220 2160 est:
1250 2134 1270 2158 «
1296 2118 1388 2173 Ite,
1414 2115 1568 2163 docete

173 2199 194 2225 n
229 2198 380 2228 omnes
409 2191 582 2242 gentes,
616 2183 829 2241 tingentes
854 2200 923 2229 eas
955 2184 1001 2229 in
1023 2186 1199 2231 nomine
1224 2188 1426 2233 Patris'et
1468 2189 1568 2235 Filii

175 2273 195 2296 »
231 2263 275 2299 et
308 2254 490 2315 Spiritu—s
518 2254 751 2313 sancti(l)).
777 2273 798 2297 »
836 2256 967 2309 Quod
1002 2273 1105 2317 ergo
1136 2267 1200 2302 est
1222 2275 1383 2304 nomen
1400 2260 1568 2306 Patris?

170 2327 459 2388 Deus.„Q.uod
483 2336 547 2372 est
567 2343 730 2372 nomen
753 2327 882 2374 Filii?
905 2331 1035 2373 Deus.
1062 2330 1192 2383 Quod
1214 2339 1278 2375 est
1296 2346 1457 2376 nomen
1477 2332 1570 2393 Spi-

172 2398 281 2443 ritus
294 2399 459 2459 sancti?
475 2402 606 2444 Deus.
624 2402 739 2444 Deus
754 2414 883 2455 unus,
900 2400 1002 2461 quia
1022 2417 1113 2445 non
1127 2402 1255 2447 dixit:
1282 2421 1302 2446 ‹<
1319 2406 1370 2448 In
1383 2404 1573 2449 nomini-

174 2468 281 2525 bus,
306 2487 327 2511 n
353 2469 426 2513 sed
454 2488 474 2512 «
501 2471 554 2513 In
576 2469 768 2514 nomine.
793 2488 813 2512 »
840 2473 962 2516 Unus
985 2474 1120 2528 Deus,
1144 2476 1270 2518 Pater
1293 2484 1336 2519 et
1368 2475 1504 2520 Filius
1527 2484 1571 2521 et

177 2541 361 2602 Spiritus
383 2550 579 2598 sanctus,
604 2540 814 2603 Apostolo
830 2542 1029 2600 dicente,
1060 2563 1078 2586 ι(
1096 2545 1208 2598 Quia
1231 2545 1440 2594 Dominus
1456 2551 1572 2594 Deus

229 2634 275 2682 (a)
292 2638 405 2672 Matth.
424 2649 456 2681 v,
476 2637 527 2681 ἰμ.
542 2655 584 2662 --
608 2638 654 2680 (h)
677 2638 724 2671 Id.
744 2649 853 2681 xxviii,
881 2650 932 2682 19.

1314 2707 1353 2737 a.
