1803 3276
680 279 725 303 pr.
742 277 908 304 1111110,
1430 271 1480 307 153

98 371 198 401 men
216 354 469 414 collegimus
483 354 699 415 sexaginta
716 353 956 415 etamplius
975 368 1192 400 sermones
1211 356 1482 405 authenticos

98 427 380 486 &Augustini
392 426 698 487 Hipponensis,
714 441 885 472 necnon
899 435 942 470 et
955 425 1100 486 plures
1112 441 1330 472 sermones
1344 427 1483 474 eidem

95 497 206 544 falso
217 497 420 553 tributos,
440 514 549 559 quos
564 498 609 542 in
624 497 908 558 appendicem
927 496 1169 558 rejecimus,
1190 498 1355 543 cacteris
1371 499 1486 560 ejus-

96 570 199 617 dem
229 569 427 616 Doctoris
454 569 627 615 ineditis
649 569 854 630 operibus
877 567 932 613 ad
955 568 1076 613 aliud
1099 578 1270 629 tempus
1286 604 1297 625 ‚
1322 578 1367 615 et
1387 570 1487 631 qui-

96 642 198 688 dem
219 642 490 703 proximum,
519 641 677 698 dilatis,
704 642 972 702 servatisque
993 640 1177 686 aliorum
1202 644 1382 686 Patrum
1395 657 1487 687 ser-

95 715 300 761 monibus
321 713 377 759 ad
397 713 704 774 complendam
733 714 1078 774 uniuscujusque
1101 712 1363 770 editionem,
1407 715 1487 760 nisi

94 787 215 849 prius
250 786 430 832 brevem
468 785 735 832 ineditorum
763 786 941 833 illorum
971 800 1154 847 operum
1186 784 1487 832 collectionem

95 857 290 904 adunare
306 857 546 920 jucundius
571 859 793 905 arrideret.

171 932 250 976 IX.
275 930 529 977 Notandum
551 940 615 975 est
631 931 816 986 interea,
842 939 887 975 et
902 928 1013 974 illud
1036 944 1087 973 ex
1115 929 1366 989 praenotatis
1397 930 1488 975 cvi-

95 1000 251 1048 denter
287 1001 508 1047 derivatur
523 1037 534 1057 ,
571 1001 717 1046 omnia
737 1000 812 1046 illa
835 1017 925 1046 non
946 1016 1096 1061 parem
1120 999 1234 1045 inter
1263 1015 1308 1046 se
1324 1001 1488 1046 habere

95 1072 417 1129 auctoritatem,
436 1072 624 1134 ideoque
641 1072 933 1117 necessarium
956 1069 1087 1116 fuisse
1108 1086 1298 1116 severam
1321 1072 1392 1116 hic
1410 1073 1490 1117 cri-

96 1145 201 1190 tices
210 1159 406 1200 manum‚
421 1159 676 1205 quanquam
693 1160 783 1189 non
800 1142 1075 1198 severiorem,
1096 1141 1363 1188 admovere¹.
1385 1145 1490 1189 Haec

95 1225 198 1262 sunt
219 1225 365 1261 autem
383 1215 563 1275 regulae,
588 1231 696 1277 quas
720 1215 776 1260 ad
798 1214 1124 1276 dijudicandam
1142 1212 1273 1258 talem
1291 1214 1489 1276 tantique

95 1288 308 1334 momenti
328 1287 448 1332 litem
467 1286 676 1332 adhibere
690 1288 858 1348 justum
887 1301 1121 1347 aequmque
1140 1285 1357 1330 duximus.
1386 1289 1488 1331 Tres

95 1358 261 1407 scilicet
276 1358 546 1404 conditiones
569 1358 625 1403 ad
647 1356 1044 1403 demonstrandam
1072 1355 1232 1417 licujus
1255 1356 1488 1416 fragmenti

95 1430 165 1477 vel
179 1430 388 1477 sermonis
410 1430 785 1475 authenticitatem
801 1429 963 1490 requiri
976 1437 1019 1473 et
1031 1428 1231 1473 sufficere
1246 1428 1372 1474 nobis
1385 1429 1488 1474 visae

93 1511 215 1561 sunt3
238 1515 397 1561 nempe
422 1504 465 1544 1⁰
484 1509 534 1545 ut
555 1510 721 1545 veteres
734 1499 903 1545 codices
919 1514 1079 1558 nomen
1097 1499 1234 1543 sancti
1256 1498 1491 1560 cujuslibet

94 1572 283 1619 doctoris
305 1580 380 1617 aut
401 1570 601 1632 explicite
624 1580 700 1615 aut
721 1570 930 1631 implicite
951 1563 1235 1630 p‘rscferrcnt3
1276 1577 1321 1615 2⁰
1344 1580 1394 1615 ut
1428 1570 1492 1615 ni-

94 1643 158 1690 hil
170 1643 291 1706 quod
302 1652 377 1688 aut
394 1643 570 1703 ingenio
594 1651 670 1687 aut
692 1641 805 1701 stylo
819 1641 1038 1703 scriptoris
1052 1651 1316 1701 repugnaret
1336 1641 1493 1703 deprc-

93 1714 389 1774 henderetur3
410 1716 455 1759 3⁰
478 1713 656 1759 tandem
679 1723 729 1759 ut
754 1713 884 1759 ctiam
913 1712 1039 1774 plura
1063 1722 1367 1769 occurrerent,
1391 1729 1493 1775 quae

95 1801 198 1834 cum
221 1785 337 1832 uotis
369 1783 566 1847 ejusdem
592 1784 961 1845 cogitationibus)
995 1792 1038 1828 et
1065 1784 1288 1829 communi
1318 1783 1493 1830 dicendi

96 1873 254 1919 genere
275 1856 540 1904 concordare
552 1856 822 1902 viderentur.
840 1858 975 1918 Cujus
994 1855 1173 1916 quidem
1193 1854 1372 1916 triplicis
1387 1872 1493 1902 con-

96 1929 274 1975 ditionis
293 1928 451 1975 veritas
480 1927 551 1974 vel
584 1927 813 1989 paululum
837 1926 1082 1973 attendenti
1104 1928 1253 1988 paucis
1276 1926 1491 1974 elucidata

96 2000 280 2063 patebit.

166 2073 224 2116 X.
266 2071 412 2117 Primo
444 2069 624 2132 quidem
663 2069 900 2131 requiritur
932 2079 983 2115 ut
1011 2080 1178 2116 veteres
1211 2070 1383 2117 codices
1415 2079 1492 2117 aut

97 2141 296 2205 explicite
317 2152 395 2188 aut
415 2141 568 2187 saltem
588 2141 799 2202 implicite
815 2142 952 2188 sancti
974 2143 1164 2188 doctoris
1186 2158 1348 2191 nomen
1376 2159 1491 2204 prae-

97 2213 257 2262 ferant.
288 2216 401 2263 Nam
426 2214 505 2260 etsi
542 2213 780 2276 aliquando
808 2214 902 2260 fieri
929 2215 1089 2276 possit,
1115 2224 1165 2261 ut
1196 2213 1492 2277 fragmentum

145 2378 156 2397 ¹
171 2371 250 2406 Dico
267 2369 469 2404 sever-iorem
481 2395 491 2413 ,
508 2369 583 2414 quia
601 2368 613 2412 (
629 2369 714 2413 quod
730 2369 840 2404 debita
857 2379 931 2403 cum
948 2370 1131 2405 reverentia
1149 2369 1300 2403 audacior
1319 2369 1405 2404 forte
1417 2381 1494 2415 pro-

97 2427 190 2469 fero)
202 2426 335 2460 Maurini
348 2426 379 2459 in
396 2425 584 2470 quibusdam
601 2436 667 2459 non
684 2425 726 2458 ab
743 2425 830 2459 omni
847 2426 1029 2470 suspicione
1046 2425 1139 2459 alieni
1155 2426 1267 2460 haberi
1281 2431 1422 2470 possunt,
1439 2431 1492 2459 ut-

99 2488 178 2529 pote
195 2484 249 2527 qui
262 2482 352 2515 novis
371 2481 532 2516 erroribus
554 2482 722 2515 viciniores
736 2483 928 2515 severiorem
946 2482 982 2515 iis
996 2508 1004 2524 ,
1030 2494 1098 2526 qua:
1118 2482 1289 2516 recentiori
1310 2493 1418 2515 eorum
1437 2493 1493 2515 co-

99 2540 218 2583 gitandi
233 2539 327 2573 modo
345 2549 407 2570 non
424 2538 518 2581 plane
533 2537 711 2581 favebant,
736 2549 864 2572 manum
882 2538 1037 2572 adhibere
1053 2539 1220 2571 videantur
1233 2564 1242 2579 ,
1267 2539 1349 2582 quod
1366 2539 1493 2582 quidem

100 2607 141 2630 et
158 2596 254 2629 variis
271 2595 355 2628 notis
373 2594 405 2626 in
431 2594 492 2627 hoc
518 2599 660 2627 nostrum
684 2595 854 2638 volumen,
883 2605 1007 2629 necnon
1035 2599 1068 2631 et
1087 2595 1116 2627 in
1138 2595 1355 2640 praecedentia
1374 2599 1426 2627 aut
1449 2605 1494 2627 se-

103 2653 234 2696 quentia
253 2652 394 2696 insertis,
416 2651 567 2686 facillime
587 2651 723 2695 patebit.
