1803 3276
297 332 436 362 sei-1310
468 333 589 360 xmx.
626 333 680 359 DE
711 331 1002 360 coxvmzsmmz
1035 329 1179 357 sanem
1214 330 1338 358 pexum
1373 332 1402 358 1.
1451 319 1532 358 261

148 400 300 460 ponis?
320 400 525 453 Domine,
552 414 686 459 quare
709 399 767 442 sic
790 397 896 441 mihi
923 396 1155 457 proponis?
1178 396 1258 440 Ille
1280 396 1432 456 lupus,
1457 411 1537 455 ego

148 472 261 530 ovis3
286 481 334 516 ut
347 469 454 532 quid
471 470 723 515 consentitis
740 469 881 523 vohis,
897 479 940 513 et
960 484 1048 513 non
1061 470 1265 513 convenit
1283 469 1460 513 nobis?«
1470 471 1502 512 T
1506 485 1535 512 u

151 561 170 583 »
205 542 338 587 habes
366 541 504 587 claves
527 541 687 600 David3
708 551 756 585 tu
778 541 931 601 aperis,
957 550 1006 584 tu
1028 538 1193 585 claudis
1216 543 1295 595 (a),
1321 559 1339 581 »
1361 549 1404 583 et
1425 554 1537 584 nun-

145 628 278 674 quam
313 613 523 672 includis3
549 614 702 672 ignoro
726 623 869 657 tamen
899 612 1029 656 modo
1046 647 1056 665 ‚
1085 626 1221 672 quare
1251 610 1406 670 lupum
1435 625 1534 655 cum

145 699 224 728 ove
241 683 484 728 includas1?
507 684 663 729 Omnia
686 693 808 744 potes
830 693 881 727 ut
902 683 1136 736 Dominus,
1163 690 1206 725 et
1227 680 1337 725 nihil
1361 681 1439 725 tibi
1456 681 1537 724 im-

144 753 349 814 possibile
372 758 469 798 est2.
501 774 520 796 «
544 757 608 798 Tu
629 755 729 799 vitae
753 764 797 799 et
808 755 960 798 mortis
975 753 1108 797 habes
1131 761 1391 812 potestatem
1411 749 1493 810 (b).
1510 769 1531 792 »

145 824 241 869 Tibi
265 840 415 869 omnes
449 835 608 884 apertae
639 836 740 870 sunt
770 835 922 885 portae.
955 845 974 866 «
1007 823 1204 869 Probasti
1227 839 1301 868 cor
1324 838 1469 866 meum
1492 831 1535 865 ct

146 914 165 937 »
201 896 380 940 visitasti
408 905 537 954 nocte
569 899 646 956 (c).
687 916 706 938 n
749 896 873 941 [nde
906 912 1046 940 causae
1070 895 1162 939 istae
1189 895 1296 938 mihi
1329 893 1535 937 videntur

141 969 330 1011 exortae?
353 969 445 1025 Ego
467 966 596 1011 sudo3
617 967 788 1026 fugiens
810 977 1022 1021 mortem,
1049 976 1091 1009 et
1113 976 1163 1010 tu
1186 965 1293 1010 dicis
1316 985 1324 1009 :
1351 964 1535 1008 Include

140 1038 247 1082 mihi
268 1037 424 1098 lupum
446 1039 491 1082 in
513 1048 648 1083 corte.
677 1038 806 1083 Vides
826 1039 1044 1083 civitatem
1069 1047 1220 1092 totam,
1238 1046 1444 1097 tanquam
1460 1052 1536 1080 na-

138 1124 233 1153 vem
243 1144 254 1164 ,
272 1108 420 1153 mortis
433 1109 626 1169 pendere
639 1110 720 1154 sub
737 1111 904 1165 vento&
917 1119 958 1153 ct
972 1119 1021 1154 tu
1034 1110 1097 1154 vis
1115 1110 1158 1153 in
1173 1124 1292 1152 mare
1306 1106 1533 1152 turbidum

138 1181 260 1239 pejus
281 1180 454 1224 mittere
475 1182 684 1225 ventum?
704 1183 802 1225 Non
823 1189 995 1241 oportet
1018 1190 1068 1224 ut
1085 1180 1364 1233 condemnes,
1389 1177 1464 1222 sed
1487 1187 1536 1222 tu

138 1251 251 1295 nosti
273 1249 461 1311 qualiter
485 1251 547 1295 'ab
580 1261 725 1295 austro
751 1251 896 1296 valido
928 1250 1152 1310 frangatur
1186 1259 1390 1294 antenna.
1423 1251 1534 1293 Nam

137 1336 238 1365 cum
261 1321 324 1366 vis
353 1321 399 1367 in
425 1322 613 1382 peccatis
642 1323 863 1366 neminem
894 1322 1030 1377 mori,
1063 1322 1117 1366 da
1150 1320 1447 1365 sufferentiam
1477 1319 1533 1363 ti-

136 1392 263 1437 mori.
295 1395 440 1446 Quare
463 1410 486 1438 a
503 1394 610 1454 lupo
634 1394 724 1438 ovis
740 1393 894 1454 incipit
907 1394 1043 1437 mori?
1059 1396 1123 1437 Tu
1136 1402 1300 1447 autem,
1317 1390 1501 1436 Domine
1517 1426 1529 1445 ,

137 1463 361 1509 licentiam
383 1464 568 1522 dedisti,
593 1467 670 1527 qui
701 1467 856 1511 certari
883 1467 1050 1510 tecum⁵
1073 1469 1258 1524 Moysen
1279 1462 1528 1524 permisisti.

135 1538 308 1594 Moyses
340 1536 489 1581 timuit
523 1538 761 1582 Hebraeum
783 1537 1117 1594 tribulatorem3
1148 1552 1227 1595 ego
1260 1550 1350 1580 non
1386 1534 1530 1579 habeo

134 1608 288 1653 timere
313 1607 508 1665 Saulum,
529 1609 877 1655 Christianorum
901 1611 1256 1670 persecutorem?
1283 1609 1320 1652 Ο
1345 1607 1530 1652 Domine

133 1695 272 1736 meus,
294 1696 319 1725 o
342 1681 548 1725 Domine!
577 1684 642 1726 Tu
664 1697 812 1726 causas
834 1682 1067 1741 prohibere
1088 1681 1204 1725 visus
1229 1695 1272 1724 es
1285 1678 1525 1733 homicidii,

133 1768 268 1813 quare
290 1752 422 1796 modo
445 1768 570 1797 ovem
589 1769 611 1797 a
630 1753 736 1814 lupo
761 1753 866 1797 dicis
885 1752 1078 1797 occidiss?
1100 1755 1157 1797 Et
1175 1751 1387 1796 Dominus
1416 1771 1423 1795 :
1452 1754 1527 1793 ln-

133 1824 333 1883 quietum
355 1838 541 1884 equum,
569 1823 678 1884 quid
708 1824 832 1869 times
854 1826 1045 1869 effelmi?
1071 1825 1293 1880 Consurge
1312 1859 1322 1871 ,
1350 1820 1528 1865 ambula

133 1909 323 1950 mecum,
349 1895 451 1955 quia
473 1910 554 1954 ego
571 1911 667 1939 sum
685 1905 847 1940 tecum.
872 1894 1009 1950 Vade,
1035 1895 1160 1939 visita
1183 1909 1284 1937 eum
1306 1894 1351 1936 in
1375 1892 1521 1936 domo.

131 1968 358 2010 Honorare
378 1975 422 2009 te
447 1965 548 2010 volo
571 1975 613 2009 et
641 1975 786 2010 tecum
823 1966 1048 2011 ambulare
1070 1966 1270 2025 dispono.
1296 1967 1406 2009 Nam
1426 1979 1527 2024 per-

131 2035 280 2080 fidiam
298 2036 526 2080 versutiae7
548 2037 639 2097 ejus
661 2036 789 2091 velis,
814 2037 923 2081 nolis
941 2073 951 2092 ‚
989 2053 1070 2096 ego
1104 2037 1209 2080 mihi
1240 2035 1394 2090 domo,
1424 2035 1525 2079 licet

130 2107 210 2152 iste
230 2107 363 2168 lupus
385 2117 669 2152 consueverat
697 2107 752 2152 de
780 2109 887 2152 meis
919 2109 1122 2167 gregibus
1153 2107 1410 2167 crapulari&
1440 2106 1525 2150 Sed

131 2195 212 2240 ego
228 2179 293 2223 illi
309 2179 564 2224 monstrabo
578 2178 765 2240 qualiter
783 2196 806 2224 a
822 2180 1030 2241 vulpibus
1053 2180 1232 2239 incipiat
1246 2177 1470 2239 vapulare.

191 2252 273 2294 III.
300 2252 471 2311 Itaque,
485 2266 537 2294 ex
558 2260 779 2311 praecepto
801 2250 976 2295 Domini
993 2249 1237 2310 ingreditur
1250 2249 1303 2293 ad
1324 2246 1520 2304 Saultim,

175 2383 222 2426 (a)
235 2386 336 2427 Apoc.
357 2395 388 2427 1,
407 2384 458 2417 18.
475 2401 519 2408 ·—
543 2383 587 2427 (b)
607 2386 680 2429 Sap.
696 2396 764 2427 xvi,
787 2384 839 2418 13.
860 2402 902 2408 —
925 2384 969 2427 (c)
987 2385 1066 2417 Psal.
1086 2396 1153 2426 xvi,
1173 2384 1205 2416 3.

177 2470 188 2487 ¹
203 2465 281 2496 Cod.
301 2475 389 2496 extri
406 2463 488 2497 male
511 2475 587 2497 cum
608 2464 677 2496 ovis
693 2462 853 2497 includis.
874 2481 917 2487 —
943 2470 957 2486 ²
972 2464 1031 2496 Hic
1059 2464 1090 2495 in
1107 2463 1185 2495 Cod.
1210 2473 1261 2495 cix
1279 2461 1419 2495 abundat
1443 2472 1520 2493 ver-

130 2519 208 2552 hum
225 2518 364 2552 dt'vc'tiae.
391 2537 434 2543 —·
459 2518 472 2543 3
491 2520 569 2552 Cod.
601 2531 693 2551 chvi
711 2519 792 2552 male
821 2518 933 2552 modo.
955 2536 998 2541 -——
1021 2516 1037 2549 4
1055 2519 1189 2551 Codices
1209 2518 1308 2559 male,
1330 2523 1365 2550 ut
1379 2518 1520 2557 videtur,

130 2583 273 2608 ventum
284 2592 296 2617 ,-
329 2577 407 2609 cod.
448 2588 538 2608 chvi
566 2587 734 2619 pei-peram
759 2575 891 2609 turbido
921 2576 1032 2619 prius,
1065 2580 1098 2607 et
1124 2580 1198 2618 post
1228 2573 1442 2608 condemnat.
1476 2589 1518 2596 -

132 2629 147 2655 5
160 2632 268 2664 Codex
287 2639 375 2665 cium
390 2632 474 2666 male
491 2644 566 2665 cum
575 2657 588 2672 ‚
604 2643 663 2675 pro
681 2641 799 2665 tecum,
827 2649 869 2654 m
894 2630 1015 2665 δυρρεῖ
1032 2630 1176 2664 ultimum
1194 2631 1373 2664 membrum
1390 2630 1421 2663 in
1438 2628 1517 2662 eod.

130 2699 234 2721 eux-1.
256 2705 297 2712 --
323 2688 481 2724 :Codices
506 2688 588 2722 male
612 2690 785 2722 vei-itatis.
807 2705 849 2712 --
874 2687 888 2712 ⁸
904 2688 980 2722 Coil,
1002 2699 1092 2720 extri
1110 2687 1191 2724 male
1208 2687 1381 2733 copulare.
