1803 3276
1463 287 1472 304 Γ
1489 286 1509 298 -v

472 297 609 324 SERMO
643 298 683 323 V.
720 297 773 322 DE
807 297 1173 322 ABNL'NHAHOMe.
1460 299 1503 320 ds

133 364 233 423 quia
252 363 439 406 intactus
458 369 679 420 permanet
706 368 853 404 uterus
888 363 1051 404 meus¹.
1083 380 1101 401 «
1123 361 1358 418 Contingat
1383 360 1509 408 mihi„

132 432 306 477 Gabriel
328 430 601 490 archangele,
619 430 857 475 secundum
870 431 1054 474 verbum
1073 440 1198 474 tunm
1215 432 1310 488 ((1)3
1331 449 1350 470 »
1371 430 1515 474 veniat

131 503 186 546 ad
203 501 483 546 cubiculum
505 515 631 544 suum
651 536 661 555 ‚
693 500 815 553 «Qui
838 500 882 543 in
904 499 993 544 sole
1016 500 1161 559 posuit
1184 499 1513 543 tabernaculum

137 593 153 611 >v
179 587 306 616 suum
327 569 410 630 (b).
435 571 610 615 Oriatur
643 588 663 611 »
689 571 794 614 mihi
817 570 973 629 virgini
991 571 1262 630 permanenti
1284 589 1303 611 «
1327 569 1398 613 Sol
1423 570 1516 628 jus-

133 660 152 683 ι)
180 641 372 700 titiae(c),
391 660 411 682 »
434 642 480 685 in
502 642 624 702 cujus
640 641 796 701 pennis
817 650 978 685 aeterna
996 650 1221 701 permanet
1238 641 1418 693 sanitas,
1445 641 1511 683 cui

127 722 335 773 perpetua
371 713 565 757 castitate
596 713 824 757 florescens
860 727 954 757 mea
995 714 1227 773 perduret3
1272 712 1510 770 integritas.

132 801 152 825 «
186 782 446 842 Egrediatur
461 783 573 827 sicut
584 782 788 842 splendor
808 781 1028 841 Justus(cl)
1044 802 1062 823 »
1084 792 1128 827 et
1149 782 1343 827 Salvator
1358 782 1514 842 «quasi

132 871 152 893 »
186 852 328 897 facula
346 854 408 912 (e)
424 872 443 894 η
469 852 747 898 accendatur.
771 853 879 898 Solis
897 852 1040 897 facula
1078 861 1218 897 totum
1245 852 1452 906 illustrat,
1473 861 1517 894 et

127 939 227 983 quae
244 922 421 968 forsitan
446 924 619 968 obstare
633 924 838 967 videntur
855 924 983 967 radiis
1006 923 1089 967 suis
1112 921 1350 981 specularia
1366 922 1379 946 ⁴
1400 922 1515 965 inte—

127 995 214 1038 rius
238 1003 451 1053 penetrat,
493 1004 534 1038 et
558 993 666 1038 nihil
689 994 863 1053 penitus
881 993 1072 1053 dissipat.
1096 991 1332 1036 Procedat⁵
1349 991 1438 1051 jam
1462 990 1517 1035 ad

129 1062 514 1108 oculoshominum
531 1081 550 1104 «
565 1061 938 1122 Speciosusforma
956 1078 1046 1122 prae
1063 1062 1160 1106 filiis
1172 1062 1401 1106 hominum
1412 1063 1513 1121 (f),

129 1151 149 1173 »
175 1134 382 1193 procedat
397 1133 712 1193 velutsponsus
723 1132 777 1177 de
796 1132 987 1177 thalamo
1010 1148 1088 1176 suo
1105 1134 1188 1194 (g),
1211 1150 1230 1173 »
1251 1131 1352 1192 quia
1369 1146 1516 1175 secura

128 1202 240 1248 facta
255 1219 349 1248 sum
370 1203 424 1247 de
442 1204 667 1263 proposito
689 1220 802 1248 meo.

185 1276 238 1318 V.
273 1274 378 1327 Quis
398 1274 522 1318 istam
543 1274 884 1333 generationem,
923 1277 1092 1317 Fratres
1120 1273 1222 1328 mei,
1248 1272 1408 1332 poterit
1427 1286 1516 1315 ser-

125 1359 254 1388 mone
270 1346 475 1388 narrare?
492 1344 597 1398 Quis
618 1344 782 1402 linguae
804 1343 1008 1388 facundia
1036 1343 1177 1388 valeat
1193 1343 1432 1403 explicare?
1449 1345 1520 1386 In-

127 1418 331 1458 temerata
353 1423 580 1458 servantur
602 1414 857 1472 virginitatis
876 1415 973 1474 jura
993 1418 1066 1468 (et)
1082 1416 1294 1468 naturacfi,
1321 1422 1364 1456 ct
1379 1410 1518 1455 infans

124 1484 378 1528 intrinsecus
392 1484 592 1529 coalescit
604 1484 649 1528 in
659 1484 839 1543 virgine.
852 1488 963 1528 Dum
978 1500 1080 1528 vero
1094 1484 1322 1543 impletum
1336 1492 1399 1527 est
1415 1492 1520 1526 tem-

123 1569 204 1612 pus
221 1563 271 1597 ut
287 1564 474 1613 pareret,
499 1554 717 1613 expositus
735 1563 800 1598 est
810 1564 960 1613 partus
979 1569 1113 1608 sacer,
1134 1555 1257 1614 eujus
1273 1553 1515 1612 parientem

123 1623 270 1667 nullus
302 1632 564 1683 cognoverat
591 1626 752 1684 pater⁷.
783 1627 888 1669 Haee
911 1634 975 1668 est
1007 1623 1238 1668 ineffabilis
1265 1623 1515 1684 conjunctio

122 1694 351 1753 nuptialis,
368 1694 501 1738 Verbi
523 1703 567 1738 et
582 1695 738 1749 carnis,
758 1695 837 1740 Dei
855 1704 899 1739 et
918 1695 1119 1739 hominis.
1136 1698 1202 1738 Ita
1216 1708 1405 1753 namque
1422 1693 1513 1736 fac—

123 1773 216 1808 tum
239 1773 327 1819 est,
358 1765 470 1808 inter
491 1767 631 1809 Deum
648 1775 692 1809 et
714 1765 978 1819 hominem&
1008 1763 1256 1809 «Mediator
1271 1765 1350 1809 Dei
1373 1772 1416 1806 et
1437 1763 1515 1806 ho-

125 1852 148 1874 »
171 1835 337 1878 minum
355 1835 488 1878 homo
504 1834 702 1880 Christus
718 1838 842 1879 Jcsus
851 1834 934 1893 (li).
951 1853 974 1876 »
994 1838 1051 1879 Et
1067 1835 1168 1878 ideo
1183 1833 1513 1893 pretiosissimus

121 1905 311 1964 conjugii
329 1904 545 1949 thalamus
567 1904 730 1950 electus
759 1915 823 1949 est
847 1905 1036 1963 Virginis
1059 1914 1234 1958 uterus,
1262 1913 1312 1947 ut
1333 1904 1434 1963 quia
1460 1919 1508 1946 ex

123 1975 309 2034 peccatis
336 1975 613 2019 sordentibus
627 1978 642 2001 9
672 1974 897 2035 squalidus
922 1975 1103 2018 effeetus
1126 1973 1266 2018 fuerat
1289 1973 1480 2016 mundus
1498 2008 1507 2026 «Ι,

123 2045 299 2088 veniens
317 2048 497 2090 Creator
514 2044 668 2088 mundi
698 2045 788 2088 sine
805 2061 935 2104 opere
953 2044 1128 2099 mundi,
1161 2061 1210 2087 ex
1236 2043 1410 2087 mundis
1431 2043 1513 2086 vis-.-

165 2175 212 2216 (a)
230 2177 306 2207 Luc.
332 2187 362 2215 1,
382 2175 435 2207 38.
462 2192 504 2197 —-
529 2174 572 2215 (b)
589 2173 669 2206 Psal.
686 2184 785 2215 xviii,
807 2173 840 2205 6.
874 2191 915 2195 -
941 2173 984 2214 (e)
1002 2173 1135 2205 Matach.
1158 2184 1207 2214 iv,
1227 2184 1265 2207 ‚2-
1295 2190 1336 2195 -
1362 2171 1416 2212 (d)
1435 2176 1509 2205 lsai.

122 2242 189 2272 ινι,
213 2243 242 2263 1.
268 2248 310 2253 —
334 2230 376 2272 (e)
391 2230 490 2262 Eccli.
509 2241 617 2271 vain,
644 2240 672 2261 1.
695 2247 733 2251 —
758 2228 819 2275 (f)
839 2228 921 2260 Psal.
948 2240 1034 2270 mv,
1057 2229 1087 2260 3.
1112 2246 1153 2250 —
1178 2228 1221 2272 fg*
1243 2229 1290 2260 1.1.
1311 2239 1403 2269 xvni,
1424 2229 1455 2261 (i.
1472 2245 1511 2251 —

123 2287 168 2328 (h)
190 2299 202 2319 1
219 2287 299 2320 Tim.
321 2299 356 2327 n,
377 2286 409 2319 5.
996 2330 1001 2334 ⁵

169 2355 270 2386 ¹C0d.
292 2356 386 2387 Laur.
410 2365 501 2386 meus
515 2361 643 2386 uterus.
666 2371 708 2377 —-
734 2362 746 2377 ²
764 2354 841 2386 Cod.
864 2355 956 2385 Laur.
977 2351 1263 2385 lmh1'aeaculmn.—-
1291 2351 1304 2375 3
1322 2352 1399 2385 Coil.
1421 2356 1495 2383 Cass

121 2423 157 2442 nx
173 2409 255 2442 male
279 2408 494 2454 per-(luceret.
519 2409 599 2442 Cod.
619 2411 712 2443 Laur.
733 2408 925 2455 pei-durare
943 2408 1101 2451 decrevit.
1124 2426 1164 2431 ——
1189 2407 1204 2438 4
1223 2409 1300 2440 Cod.
1325 2410 1418 2440 Laur.
1449 2421 1510 2451 pe-

122 2466 265 2498 culcm'a.
285 2483 327 2489 -—-
351 2463 456 2498 5Cod.
486 2467 579 2498 Laur.
604 2465 773 2511 procedat
801 2466 952 2510 Sponsus
971 2462 1013 2497 de
1031 2464 1191 2497 thalamo.
1214 2482 1254 2486 -—
1279 2462 1384 2497 GCod.
1417 2467 1512 2496 Lanr.

121 2521 330 2553 interum-ilas
349 2528 508 2553 servatur
523 2522 736 2565 vilgt'm'talz's
745 2522 829 2567 jure
847 2529 995 2552 naturoe.
1010 2537 1051 2542 ——
1077 2528 1089 2552 7
1107 2521 1183 2551 Cod.
1205 2522 1297 2552 Lanr.
1318 2521 1414 2565 cujus
1434 2532 1514 2551 con—

122 2577 284 2620 ceptionis
301 2575 432 2608 modum
450 2575 544 2607 hom«,
562 2589 631 2608 non
650 2583 862 2620 cognoverat.
881 2593 920 2597 —*
953 2575 966 2595 ⁵⁴
978 2576 1053 2606 (lod.
1076 2578 1159 2607 Cass.
1187 2588 1233 2607 cxi
1250 2575 1330 2607 male
1349 2576 1438 2607 inter
1450 2577 1500 2605 ΙΙιι

122 2632 265 2669 insnum)
295 2632 386 2664 iulet·
402 2633 507 2663 Deum
529 2639 559 2664 el
583 2631 742 2663 Ῐιωηιῐιιι-ς.
764 2649 805 2654 --
831 2632 899 2662 ahl.
925 2631 1004 2662 mato
1020 2643 1060 2663 ex
1078 2643 1112 2662 se
1133 2633 1294 2674 (im-valis.
