1803 3276
507 245 647 273 SEnMO
680 247 785 273 xxv.
822 248 875 273 DE
908 245 1059 274 PAsan
1095 248 1135 272 v.
1430 235 1510 273 153

131 328 217 355 una
251 310 406 356 ancilla
444 312 664 369 turbavit3
704 311 835 355 modo
878 321 919 356 te
959 311 1012 355 ad
1055 311 1302 370 sepulerum
1342 312 1515 355 Domini

125 381 259 426 Maria
292 381 550 440 Magdalene
581 382 806 440 prrevenit.
846 385 906 426 Da
934 382 1041 424 mihi
1064 382 1234 425 veniam
1253 417 1262 435 ,
1290 381 1413 425 beate
1437 386 1516 425 Pc-

127 461 215 506 tre,
242 452 275 495 si
308 451 473 512 aliquid
505 452 646 495 acrius
678 451 840 496 dixero.
867 456 979 495 Dum
1012 451 1097 494 fide
1129 451 1258 510 plena
1290 451 1512 506 crederes,

129 537 258 581 super
289 538 420 582 aquas
452 521 704 577 ambulasti,
730 521 805 566 scd
828 531 1057 582 postquam
1083 521 1286 565 dubitare
1320 521 1511 580 coepisti,

126 592 335 651 paulatim
365 594 409 636 in
438 591 709 652 profundum
738 592 1071 651 demergebaris.
1107 595 1240 649 Surge
1270 592 1338 635 vel
1370 607 1511 647 nunc,

124 662 226 722 quia
244 664 335 722 jam
352 671 395 706 te
416 663 471 706 ad
491 663 739 722 sepulcrum
761 663 933 707 Domini
951 663 1107 706 mulier
1131 662 1373 706 antecessit.

185 736 242 776 ΙΙ.
265 735 372 786 Quae
388 743 535 778 autem
553 735 606 778 sit
622 734 776 778 mulier
792 735 871 778 ista
885 735 1018 779 Maria
1034 733 1306 791 magdalene,
1324 736 1512 787 Fratres,

123 818 273 848 omnes
295 805 450 860 nostis,
477 805 553 865 qui
577 806 745 850 intento
768 806 899 851 corde
924 822 1062 850 sacras
1083 805 1290 849 lectiones
1311 804 1512 861 audistis,

122 873 198 918 sed
215 875 316 935 quia
339 885 520 935 possunt
543 886 586 920 et
608 876 817 937 aliquanti
840 877 1025 930 nescire,
1051 877 1144 919 haec
1163 875 1319 918 mulier
1342 877 1431 934 ipsa
1451 885 1514 919 est

121 945 395 1004 Magdalene,
410 946 464 991 de
483 963 568 1007 qua
585 948 675 1006 ipse
690 948 899 992 Dominus
914 956 1077 1006 septem
1093 946 1312 989 daemones
1331 947 1510 1005 expulit,

121 1026 165 1060 et
181 1017 283 1076 quia
300 1016 400 1076 plus
420 1018 457 1060 ei
479 1017 734 1072 donaverit,
755 1017 854 1061 ideo
878 1017 975 1076 plus
991 1015 1214 1074 diligebat.
1241 1018 1398 1062 Currat
1413 1031 1516 1075 ergo

120 1086 313 1131 Ecclesia
332 1121 343 1142 ,
387 1087 479 1147 Jam
510 1096 657 1131 currat
694 1086 750 1131 ad
782 1090 955 1131 Petram
982 1106 990 1131 ε
1030 1106 1050 1129 «
1087 1090 1213 1130 Petra
1245 1096 1391 1131 autem
1424 1096 1516 1130 erat

123 1175 144 1199 η
180 1158 378 1203 Christus
395 1160 480 1217 (a).
519 1176 539 1200 »
575 1157 691 1203 Audi
723 1158 853 1218 plane
885 1158 1068 1204 Mariam
1098 1157 1302 1202 Ecclesiae
1334 1174 1514 1218 compa—

121 1243 214 1272 rare
228 1231 262 1285 1,
286 1245 386 1289 quae
405 1230 460 1273 ab
492 1228 730 1274 immundis
750 1229 971 1289 spiritibus
994 1229 1200 1283 liberata,
1221 1229 1360 1288 prima
1383 1228 1515 1273 debet

121 1299 175 1343 ad
195 1298 444 1359 sepulcrum
468 1299 642 1344 Domini
660 1299 879 1343 festinare.

181 1372 263 1413 III.
295 1389 315 1413 «
330 1370 558 1416 Nuntiavit
580 1384 680 1428 ergo
704 1374 833 1414 Petro
857 1379 899 1414 et
920 1368 1003 1413 alio
1021 1369 1242 1429 Discipulo
1259 1384 1391 1429 quem
1414 1369 1515 1413 dili-

126 1459 144 1480 »
179 1439 309 1498 gebat
330 1442 453 1484 Jesus
472 1450 515 1484 et
537 1439 642 1484 dicit
663 1441 722 1484 eis
746 1460 754 1485 :
783 1439 996 1484 Tulerunt
1018 1440 1254 1484 Dominum
1278 1439 1332 1483 de
1353 1455 1515 1484 monu-

124 1528 143 1550 >›
179 1519 351 1565 mento,
377 1519 421 1554 et
442 1511 658 1555 nescimus
690 1511 767 1555 ubi
798 1520 1041 1570 posuerunt
1072 1526 1188 1554 eum.
1215 1513 1518 1556 Cucurrerunt

123 1598 143 1621 »
179 1580 400 1640 Apostoli,
427 1590 471 1625 et
493 1581 672 1640 ingressi
693 1591 1056 1637 monumentum,
1082 1582 1335 1626 linteamina
1368 1582 1517 1626 relicta

123 1670 143 1694 »
177 1651 384 1697 viderunt
405 1651 498 1712 (ὣς
535 1671 555 1694 »
603 1662 646 1697 et
684 1653 874 1713 Angelos
912 1652 1060 1697 videre
1101 1670 1190 1698 non
1224 1657 1514 1713 potuerunt‘2,

120 1723 221 1783 quia
246 1722 389 1767 adhuc
410 1723 541 1768 timor
555 1722 816 1782 caliginosus
831 1723 1087 1767 Judaeorum
1109 1723 1260 1767 lumen
1278 1725 1323 1767 in
1338 1725 1396 1769 eis
1413 1725 1518 1768 fidei

119 1794 449 1854 comprimebat.
488 1797 775 1854 Inspexerunt
807 1803 849 1838 et
881 1795 1039 1838 reversi
1072 1804 1196 1852 sunt,
1220 1795 1378 1839 mulier
1409 1811 1514 1840 vero

120 1881 210 1909 non
232 1864 485 1921 recedebat,
511 1865 586 1910 sed
605 1865 708 1910 foris
731 1875 847 1910 stans
869 1865 923 1909 ad
941 1875 1279 1910 monumentum
1294 1867 1512 1926 plorabat,

120 1945 163 1980 ct
195 1937 295 1997 quia
335 1952 563 1997 nunquam
606 1937 907 1997 quaerentibus
945 1936 1111 1997 aliquid
1143 1937 1331 1996 denegat
1362 1942 1476 1982 Deus
1504 1958 1513 1983 :

125 2027 144 2049 «
181 2006 415 2051 Inclinavit
431 2023 489 2061 se,
504 2006 609 2052 dum
626 2007 765 2061 fleret,
780 2007 835 2051 ad
852 2017 1207 2063 monumentum,
1224 2018 1268 2052 et
1284 2008 1393 2052 vidit
1406 2009 1516 2053 duos

125 2096 145 2119 »
180 2076 370 2136 Angelos
401 2078 446 2121 in
464 2077 572 2122 albis
597 2077 817 2132 sedentes,
845 2094 982 2121 unum
1007 2077 1062 2122 ad
1084 2088 1217 2138 caput
1237 2088 1281 2122 et
1304 2079 1436 2123 alium
1461 2079 1516 2123 ad

125 2167 144 2190 »
179 2147 333 2208 pedes,
359 2147 437 2192 ubi
453 2163 609 2208 corpus
631 2151 735 2192 Jesu
751 2148 943 2208 positum
969 2158 1075 2192 erat.
1098 2150 1262 2194 Dicunt
1281 2150 1318 2193 ei
1334 2150 1512 2208 Angeli,

123 2238 143 2261 η
179 2218 351 2275 Mulier,
370 2219 479 2279 quid
500 2218 676 2279 ploras?
695 2228 770 2263 aut
790 2235 921 2280 quem
940 2220 1204 2281 quae1·is(c)P
1224 2230 1269 2265 et
1286 2220 1359 2265 illa
1383 2220 1512 2266 dixit:

166 2304 213 2346 (a)
231 2316 243 2336 1
261 2306 335 2338 Cor.
359 2315 392 2346 x,
412 2303 443 2347 4.
460 2322 501 2327 —-
516 2303 559 2345 (b)
574 2307 665 2336 Joan.
688 2316 743 2346 xx,
762 2303 837 2336 2-5.
860 2323 901 2327 ——
921 2304 964 2345 (c)
983 2305 1063 2337 Ibid.
1088 2307 1194 2337 11-13.

168 2376 252 2406 ¹Pro
287 2373 429 2406 Ecclesia
456 2373 651 2416 praefigurata
678 2373 707 2404 in
736 2385 871 2416 persona
902 2375 1009 2405 Mariae
1037 2375 1239 2417 Magdakne,
1266 2376 1456 2417 Augustinus
1480 2375 1513 2407 in

123 2431 274 2462 Sermone
289 2441 322 2470 v,
343 2440 374 2461 n.
397 2440 430 2471 7,
448 2429 578 2472 loquens
593 2429 633 2460 de
653 2429 701 2460 his
719 2429 826 2461 verbis
844 2442 850 2461 :
871 2430 954 2462 Noli
969 2442 1018 2462 me
1035 2438 1193 2474 tangere,
1213 2431 1257 2462 ait
1273 2442 1279 2462 z
1300 2431 1369 2462 Illa
1388 2432 1510 2462 mulier·

122 2484 284 2518 Ecclesia
298 2492 384 2516 erat.
406 2487 445 2516 Et
464 2484 524 2516 alio
535 2486 687 2516 Sermone
700 2495 831 2525 ecxcxv,
851 2497 882 2516 n.
903 2485 922 2527 4
942 2497 949 2516 :
969 2486 1052 2517 Noli
1064 2497 1161 2529 ergo,
1180 2486 1280 2529 inquit
1291 2511 1299 2526 ,
1318 2485 1416 2517 modo
1433 2494 1509 2517 tun-

120 2551 216 2584 gere,
233 2541 313 2586 qnia
333 2539 483 2572 nondum
509 2539 608 2572 vides
625 2540 684 2585 (μιί
700 2552 784 2571 sum.
804 2540 965 2573 Ecclesia
983 2551 1082 2584 ergo,
1104 2540 1370 2588 cujnssi‘gw‘am
1391 2542 1512 2572 Maria

123 2596 277 2640 gerebat,
295 2601 359 2629 etc.
379 2597 458 2628 Vide
474 2597 603 2639 insuper
615 2598 716 2628 Serm.
733 2607 851 2629 CCXLvl.
869 2614 909 2619 —
929 2604 940 2619 ²
954 2597 999 2629 ΙιΙ.
1021 2608 1139 2629 ccxcvz.
