1803 3276
436 306 575 335 sEnmo
607 307 724 336 va1.
761 308 815 335 DE
847 307 1020 336 mxumo
1052 308 1081 335 1.
1369 298 1453 337 329

74 387 94 412 »
130 378 174 414 et
208 369 443 415 exclamate
479 371 534 416 ad
571 373 807 418 Dominum
841 377 980 418 Deum
1017 382 1207 418 vestrum
1243 374 1454 420 instanter

72 459 92 484 »
128 450 172 486 et
193 441 396 487 exaudiet
410 458 486 487 vos
502 444 585 501 (a).
614 461 634 485 »
660 444 778 497 Quid
795 445 850 490 ad
866 446 958 489 haec
975 445 1264 504 respondetis,
1289 447 1452 492 ventris

68 512 285 559 cultores?
297 513 382 567 Qui
387 514 587 574 jejunare
601 531 691 561 non
702 516 849 572 vultis,
866 515 1061 561 exaudiri
1078 516 1300 577 quomodo
1308 520 1451 577 (ῃοη)1

65 581 226 629 vultis?
247 598 326 628 cur
347 585 591 630 stomachos
621 595 784 631 vestros
807 585 947 646 epulis
976 587 1192 631 oneratis?
1220 602 1298 631 cur
1328 587 1454 647 dapi-

64 654 148 698 bus
169 653 318 699 multis
341 663 385 699 et
404 655 507 700 vino
527 656 692 701 viscera
719 656 837 702 culta
868 656 1139 702 distenditis?
1162 673 1240 702 cur
1262 658 1456 702 crudita-

65 734 129 770 tes
151 734 196 769 et
219 725 418 786 crapulas
435 727 736 788 jejunantibus
768 727 940 789 populis
970 726 1204 772 exhalatis?
1225 728 1457 786 AEgritudo

65 805 130 842 est
149 796 252 852 ista,
277 812 368 842 non
387 796 584 857 digestiO.
611 800 813 860 Jejunate
835 800 967 859 igitur
988 802 1079 844 Deo
1096 798 1203 843 dum
1215 800 1359 860 jubet,
1381 816 1451 855 ne,

68 865 187 928 quod
204 867 331 923 absit,
356 867 537 914 medicis
548 870 767 930 jejunetis.
796 874 915 915 Inter
934 886 1012 915 nos
1029 886 1222 931 namque
1246 879 1290 915 et
1314 869 1456 914 medi-

67 952 138 982 cos
160 938 386 994 convenit,
411 939 513 1000 quia
535 940 740 985 humores
769 949 812 985 et
839 940 1058 999 sanguinis
1081 941 1269 1001 impetus
1291 941 1456 1002 jejunio

66 1015 380 1069 temperantur.

128 1081 184 1124 Il.
211 1079 466 1140 Philosophi
482 1096 661 1142 quoque
678 1081 891 1127 aethereos
904 1081 1071 1126 animos
1093 1080 1137 1126 in
1153 1081 1330 1142 jejuniis
1351 1096 1458 1141 pnr-

48 1159 172 1213 ·gant
188 1167 211 1195 a
225 1151 671 1198 contaminationibus
688 1154 882 1214 pessimis
904 1168 1139 1214 corporum
1161 1163 1454 1209 terrenorum,

67 1239 331 1286 carnemque
350 1225 422 1270 hic
443 1226 652 1286 puniunt,
689 1236 740 1271 ut
762 1227 808 1271 in
830 1242 880 1271 ea
901 1235 1193 1272 macerentur.
1226 1227 1359 1287 Apud
1380 1242 1458 1272 nos

66 1310 170 1340 vero
187 1297 350 1357 jejunia
371 1312 605 1358 corporum
623 1298 747 1359 quasi
763 1298 867 1343 lima
889 1308 992 1343 sunt
1012 1298 1271 1343 animarum.
1294 1298 1458 1343 Excul-

0 1425 10 1436 ³
66 1375 180 1427 punt
210 1367 359 1428 culpas
391 1368 684 1425 conscientiae,
710 1378 889 1430 peccata
919 1369 1209 1425 contrahunt,
1235 1378 1285 1414 ut
1313 1368 1460 1430 splen-

68 1437 243 1483 descere
278 1437 440 1484 faciant
461 1439 650 1496 animas,
676 1456 784 1501 quas
811 1440 970 1500 rubigo
999 1439 1144 1485 colore
1165 1439 1461 1485 maculaverat

67 1508 411 1554 sordescentium
450 1509 727 1556 delictorum.
769 1513 881 1557 Cum
910 1512 1043 1571 igitur
1076 1526 1206 1557 omne
1238 1511 1460 1571 sapientiae

59 1579 277 1640 jejunium
300 1580 468 1642 judicet
490 1597 724 1642 corporum
745 1582 985 1637 medicina,
1011 1580 1119 1643 quid
1142 1597 1218 1626 vos
1248 1582 1457 1625 aestimem

67 1651 235 1707 nescio,
261 1652 337 1713 qui
357 1651 523 1713 populo
540 1654 767 1714 jejunante
788 1652 1041 1713 prandetis?
1063 1655 1194 1697 Notat
1217 1668 1291 1696 vos
1314 1661 1459 1696 tamen

68 1721 290 1781 apostolus
326 1723 487 1768 Paulus
522 1732 566 1768 et
601 1724 727 1769 dicit:
766 1743 785 1765 «
824 1726 932 1767 Esca
963 1723 1106 1767 ventri
1129 1732 1172 1767 et
1209 1732 1361 1767 venter
1392 1738 1460 1766 es-

4 1802 7 1804 *
70 1809 92 1833 >3
127 1793 187 1837 cis
199 1795 293 1852 (a):
332 1812 353 1836 »
384 1797 443 1839 Et
473 1795 660 1839 iterum:
702 1813 723 1836 «
758 1796 878 1838 Unus
900 1794 1070 1853 jejunat
1099 1803 1142 1837 et
1174 1792 1283 1837 alter
1316 1793 1461 1838 ebrius

70 1881 92 1904 »
127 1872 191 1908 est
199 1862 262 1922 (b)
275 1886 286 1923 3
300 1883 320 1906 »
337 1874 381 1909 et
392 1881 565 1910 rursum
581 1885 590 1910 ;
606 1885 626 1907 «
641 1865 793 1910 Laudo
808 1880 900 1918 VOS,
912 1864 959 1908 in
973 1866 1057 1909 hoc
1074 1880 1165 1909 non
1179 1863 1328 1919 laudo,
1342 1864 1462 1925 quod

71 1952 92 1976 >›
127 1935 276 1979 nonin
288 1935 465 1990 melius,
482 1935 616 1981 sedin
629 1935 818 1979 deterius
834 1935 1074 1979 convenitis
1087 1936 1164 1993 (c).
1189 1953 1209 1975 >›
1234 1934 1372 1979 David
1390 1951 1463 1979 au-

68 2015 158 2050 tem
172 2007 456 2052 vehementer
470 2023 546 2052 vos
564 2016 737 2052 accusat
755 2007 821 2052 his
843 2006 1008 2051 verbis:
1037 2025 1056 2047 »
1081 2007 1281 2062 Domine,
1301 2007 1459 2067 inquit,

74 2097 91 2119 »
127 2076 183 2122 de
210 2077 474 2123 absconditis
496 2077 758 2138 adimpletus
788 2088 851 2123 est
878 2088 1030 2123 venter
1063 2093 1246 2136 eorum3
1283 2079 1462 2122 saturati

72 2166 94 2190 >›
130 2158 232 2193 sunt
248 2149 444 2210 porcina,
464 2158 507 2194 et
526 2149 800 2210 reliquerunt
820 2165 920 2210 quae
942 2148 1254 2208 superfuerunt
1272 2148 1465 2209 parvulis
1493 2142 1496 2143 ⁷

73 2237 95 2260 »
130 2219 233 2264 suis.
260 2223 355 2279 Ego
377 2220 567 2265 satiabor
593 2220 783 2281 jejunio,
809 2228 859 2264 ut
877 2219 1180 2264 manifestetur
1202 2219 1309 2263 mihi
1331 2219 1465 2280 gloria

74 2307 96 2331 »
130 2299 205 2335 tua
217 2288 325 2349 (d)²·
350 2309 370 2332 ))

119 2409 167 2451 (a)
183 2408 266 2442 1051.
290 2419 320 2451 1,
343 2407 396 2452 14.
413 2426 455 2432 -·
474 2408 518 2450 (h)
539 2421 551 2442 1
576 2410 648 2442 Cor.
676 2420 727 2451 w,
754 2407 805 2441 13.
828 2425 870 2431 -
894 2407 937 2449 (c)
962 2408 1007 2440 Id.
1029 2419 1079 2448 x1,
1104 2415 1151 2449 17,
1175 2415 1227 2440 22.
1249 2424 1291 2430 -—
1312 2407 1355 2448 (c)
1374 2407 1460 2440 psal.

73 2477 150 2507 xw,
176 2463 230 2507 14,
252 2465 304 2498 15.

123 2551 133 2567 ¹
158 2544 318 2576 Particula
333 2557 405 2577 non
423 2545 456 2577 in
467 2543 585 2578 Codice
596 2544 725 2577 videtur
741 2544 902 2577 abundare
919 2549 951 2576 et
973 2554 1098 2576 sensum
1115 2544 1241 2576 vitiare.
1262 2560 1304 2565 —
1323 2549 1335 2565 2
1348 2545 1394 2575 De
1410 2542 1472 2575 hac

85 2601 235 2633 versione
255 2611 327 2633 usus
346 2605 395 2634 est
410 2603 442 2634 S.
467 2601 659 2644 Augustinus
676 2601 707 2633 in
726 2602 931 2634 Eum-ratione
949 2601 1035 2633 circa
1055 2599 1211 2633 Psalmum
1227 2611 1296 2641 ΠΙ,
1316 2611 1346 2632 η.
1367 2597 1419 2640 14,
1440 2603 1472 2629 et

80 2657 176 2699 Epist.
199 2668 285 2689 extu
299 2658 339 2690 ad
356 2657 538 2697 Paulinum,
555 2668 585 2689 n.
605 2657 622 2688 3
636 2661 667 2688 ct
682 2656 713 2698 4.
