1803 3276
246 291 387 319 SERMO
421 292 591 321 xxxva.
629 292 670 319 m
706 291 855 318 ments
888 289 1166 320 rAscuALusts
1200 295 1246 320 11.
1355 285 1434 322 211

601 431 889 477 SYNOPSIS.

101 579 135 616 Ι.
165 577 330 617 Oracula
357 577 484 616 venera
514 591 533 616 a
556 579 704 617 Christo
731 579 896 626 impleta.
929 579 985 615 11.
1006 579 1068 616 Sol
1088 581 1235 617 Christo
1253 587 1438 618 moriente

53 638 333 675 obtenebratus.
363 640 440 675 ΙΙΙ.
459 639 626 676 Christus
644 639 792 676 Patrem
816 639 1009 676 invocans,
1040 640 1108 676 lV.
1133 641 1348 687 Increpatio
1373 641 1395 676 J
1400 652 1438 676 u—

52 698 219 734 daeorum
233 724 245 742 ,
265 703 302 734 et
321 698 560 744 antiquorum
579 699 845 736 beneficiorum
860 700 1182 737 commemoratio.
1199 700 1247 736 V.
1264 700 1441 736 Comme-

51 757 209 793 moratio
235 757 488 794 recentiorum
511 758 795 796 beneficiorum.
831 758 902 795 Vi.
923 759 1028 796 Mors
1047 760 1208 805 Christi,
1239 761 1442 797 descensus

56 808 102 853 ad
118 815 256 853 inferos
273 822 310 852 et
329 816 589 853 Resurrectio.

112 940 148 983 Ι.
183 940 343 984 Mami
365 948 468 984 simt
500 948 545 984 et
563 954 722 1000 magna
747 942 789 996 ²,
809 940 1047 985 charissimi
1082 943 1279 996 Fratres,
1315 941 1448 1002 hujus

54 1012 98 1056 S.
120 1008 297 1054 Paschae
318 1010 567 1056 veneranda
583 1011 787 1069 mysteria
803 1047 814 1067 ‚
837 1027 951 1072 quae,
974 1010 1131 1056 divinis
1151 1010 1274 1056 libris
1293 1027 1448 1057 conse-

51 1090 191 1137 crata,
207 1081 255 1125 in
272 1081 462 1143 antiquis
487 1081 656 1126 aedibus
691 1091 735 1126 et
755 1082 1054 1127 vetustissimis
1085 1083 1345 1127 Judaeorum
1375 1099 1447 1128 ar-

53 1151 189 1197 chivis
219 1150 395 1197 fuerant
435 1152 639 1212 condita3
678 1169 779 1214 quae
811 1153 1013 1199 universa
1051 1170 1075 1198 a
1109 1154 1371 1199 Patriarchis
1405 1164 1451 1200 et

56 1223 283 1284 Prophetis
305 1222 360 1269 de
393 1224 554 1270 Christi
576 1225 750 1269 Domini
790 1224 992 1270 Passione
1011 1224 1222 1285 praedicta
1236 1260 1247 1281 ,
1273 1241 1450 1271 neeesse

54 1305 148 1341 erat
180 1305 232 1341 ut
252 1295 596 1357 adimplerentur
618 1297 777 1342 omnia.
808 1299 866 1342 Et
887 1297 1093 1358 quoniam
1122 1314 1212 1342 uno
1250 1306 1448 1358 tempore

52 1366 188 1412 semel
206 1368 393 1428 peractis
415 1368 635 1424 omnibus,
651 1368 848 1413 Christus
861 1368 1116 1414 «Exultavit
1135 1370 1247 1414 sicut
1263 1369 1381 1429 gigas
1394 1368 1451 1414 ad

58 1457 80 1481 »
115 1439 379 1485 currendam
428 1439 545 1486 viam
578 1441 672 1499 (a),
701 1457 723 1481 »
760 1448 909 1484 tamen
942 1440 1127 1484 solemni
1161 1440 1325 1486 circulo
1361 1441 1457 1486 haec

57 1510 348 1557 anniversaria
360 1521 464 1557 vota
483 1510 756 1556 celebramus
771 1546 782 1567 ‚
807 1520 859 1556 ut
884 1510 1090 1572 deinceps
1120 1510 1272 1557 sutura
1293 1522 1459 1559 aeterna

55 1597 197 1644 usque
219 1581 276 1628 ad
295 1582 722 1628 consummationem
744 1581 893 1628 saeculi
920 1593 1129 1628 maneant
1148 1593 1455 1630 monumenta.

56 1656 147 1701 Nee
173 1654 310 1700 taceri
334 1663 520 1716 possunt
542 1653 801 1700 Judaeorum
833 1653 995 1700 scelera
1012 1690 1023 1710 ‚
1049 1670 1281 1716 quousque
1311 1656 1461 1702 veniat

57 1725 150 1787 ipse
170 1725 249 1787 qui
266 1725 449 1787 pertulit
463 1726 610 1771 omnia
626 1761 638 1782 ,
663 1734 717 1771 ut
737 1725 955 1772 «Videant
966 1734 1010 1770 et
1024 1734 1291 1787 cognoscant
1311 1727 1357 1771 in
1369 1742 1461 1788 quo

65 1814 88 1840 »
122 1798 434 1843 transfixerunt
451 1795 515 1855 (b)
534 1815 561 1840 »-
582 1795 742 1859 jacula.

120 1871 180 1915 Π.
215 1869 297 1915 Hic
319 1870 412 1931 jam
442 1868 498 1914 de
518 1884 672 1914 eorum
701 1867 889 1925 saevitia,
920 1884 1055 1930 quam
1075 1868 1123 1914 in
1155 1868 1334 1914 Domini
1357 1872 1463 1914 Pas-

62 1941 183 1987 sione
199 1950 503 2003 exercuerunt,
521 1940 744 2003 aliquanta
775 1941 973 1986 dicamus
995 1961 1004 1987 ε
1029 1940 1151 1986 unde
1176 1941 1462 2002 postmodum

62 2014 154 2075 ejus
175 2012 557 2059 Resurrectionem
580 2012 927 2058 constantissime
963 2012 1333 2058 demonstremus,
1373 2016 1465 2060 Ne-

61 2101 151 2147 que
174 2085 290 2130 enim
313 2083 507 2130 mundus
535 2084 626 2145 ipse
659 2084 820 2129 scelera
842 2083 1126 2150 Judaeorum,
1167 2101 1267 2145 quae
1289 2085 1466 2130 Christo

64 2157 349 2217 ingerebant,
373 2155 511 2201 libere
531 2156 783 2217 conspicere
812 2156 980 2216 potuit,
1006 2156 1084 2217 qui
1122 2172 1223 2200 cum
1247 2155 1466 2202 elemento

65 2233 170 2275 ‘su02
199 2228 371 2289 fugiens
397 2228 543 2274 lucem
570 2244 703 2290 quam
730 2228 910 2284 habuit,
936 2243 1037 2273 cum
1060 2228 1247 2274 Domino
1268 2228 1323 2272 de
1345 2245 1470 2274 mor-

68 2301 145 2348 tali
166 2301 496 2348 conversatione
525 2299 659 2345 simul
676 2300 733 2346 ad
752 2300 916 2345 inferos
944 2299 1220 2359 demigravit.
1255 2300 1375 2346 Nihil
1397 2301 1470 2347 in·

109 2421 162 2465 (a)
179 2422 259 2456 Psal.
282 2433 388 2469 nrm,
403 2422 441 2456 6.
460 2428 504 2447 '—
526 2420 571 2465 (b)
594 2424 685 2455 Joan.
704 2431 779 2464 xix,
804 2420 858 2464 37.

119 2496 131 2516 ⁸
143 2491 220 2525 Mira
243 2490 328 2525 forte
345 2490 510 2524 videbitur
540 2491 581 2524 de
598 2491 747 2524 Passione
768 2488 1032 2522 commemoratio
1048 2487 1080 2521 in
1095 2487 1229 2522 Pascha.
1256 2489 1328 2524 Sed
1343 2490 1463 2525 videsis

73 2548 106 2581 S.
127 2548 220 2581 Joan.
243 2547 502 2590 Chrysostomum
519 2546 643 2580 Homil.
663 2557 825 2587 Lxxxvm,
849 2545 882 2577 in
910 2544 1024 2577 Matth.
1046 2554 1121 2588 cap.
1151 2549 1237 2577 xxivu
1252 2569 1261 2587 ‚
1291 2558 1324 2578 n.
1345 2556 1406 2589 27,
1428 2553 1464 2582 et

72 2603 242 2638 combefis.
276 2606 357 2636 tom.
391 2614 450 2646 ιιι,
479 2602 538 2636 fol.
559 2601 636 2644 557.
665 2618 707 2625 --
737 2608 750 2625 ²
767 2602 949 2635 Elemenm
986 2612 1070 2640 suo,
1100 2610 1215 2644 nempe
1238 2602 1314 2636 sole.
1358 2605 1455 2638 Forte

73 2659 195 2704 aliquid
211 2659 422 2693 desideratur.

1195 2711 1256 2751 Η,
