1803 3276
317 226 399 267 184
757 239 790 264 s.
827 237 1055 264 Accus'rim
1090 236 1268 264 El’lscom

318 320 396 364 pro
420 303 595 347 homine
618 303 812 346 Christus
846 301 1011 346 occisus
1027 335 1038 356 ‚
1069 301 1144 361 qui
1168 310 1313 360 posset
1333 315 1414 360 pro
1447 299 1583 345 altero
1616 300 1706 344 sine
1766 316 1771 364 g*

316 391 406 420 suze
427 375 529 419 x'itae
553 373 746 433 periculo
769 371 923 416 occidi.
950 371 1067 416 Nihil
1090 372 1223 431 igitur
1244 381 1443 416 mortuus
1467 381 1531 416 est
1552 372 1597 416 in
1615 386 1708 416 am-
1765 402 1767 406 ν

315 446 486 501 bobus,
512 446 592 490 nisi
615 460 714 489 caro
732 442 973 503 peccatrix,
998 443 1122 504 cujus
1134 443 1236 488 vitae
1258 442 1423 487 scilicet
1435 443 1596 487 meruit
1607 458 1709 488 earo
1766 430 1773 478 ³³

315 533 436 562 sacra
458 515 618 575 suffigi.
640 518 752 561 Cum
774 513 931 573 igitur,
955 514 1146 559 hominis
1164 529 1243 574 pro
1261 524 1408 569 reatu,
1433 513 1594 560 Christi
1611 529 1710 559 cor·
1770 546 1771 551 ,

317 605 398 650 pus
416 586 656 648 reparabile
678 585 871 631 occisum
892 595 981 642 est,
1002 601 1093 632 non
1110 595 1199 631 tam
1221 585 1419 631 Christus
1435 584 1618 641 occisus,
1634 583 1711 630 secl
1772 578 1775 647 ζ

317 670 486 707 erectus
502 662 531 702 ¹.

315 803 1171 824 mmmmmwummmmmumwu
1176 802 1707 820 WMMMWWUWMMWWM

776 938 996 987 SERMO
1036 938 1248 986 XXXII.

831 1084 895 1127 De
917 1082 1083 1127 Pascha
1102 1083 1208 1127 XII.

335 1209 343 1213 ⁸
378 1217 681 1265 Extrahitur
697 1235 760 1263 ez·
777 1217 956 1264 Codice
969 1219 1108 1264 Cass.
1126 1236 1190 1262 xu
1207 1218 1256 1262 in
1271 1214 1562 1263 Redditione
1575 1217 1718 1278 Sym-

321 1288 439 1345 bolc',
463 1305 572 1334 eum
590 1290 783 1334 nomine
802 1288 854 1335 S.
869 1289 1155 1352 Augustini,
1183 1290 1264 1333 eui
1281 1298 1407 1334 reete
1423 1286 1715 1334 tribuendus.

319 1359 475 1406 Locus
506 1361 609 1423 ejus
634 1370 746 1421 post
764 1358 1119 1420 praecedentem
1149 1374 1260 1406 cum
1286 1375 1484 1406 numero
1508 1357 1569 1404 de
1586 1359 1719 1406 Pas-

319 1431 417 1477 cha
437 1449 544 1478 xv11.

873 1593 1164 1639 SYNOPSIS.

372 1720 405 1755 I.
434 1718 673 1755 Credendum
705 1718 741 1753 in
761 1718 914 1754 Patrem
942 1724 978 1754 et
1003 1717 1162 1760 Filium,
1198 1723 1329 1764 utpote
1355 1727 1472 1754 unum
1500 1717 1636 1753 Deum.
1665 1717 1722 1753 ΙΙ.

324 1777 462 1813 Christi
483 1777 664 1812 Nativitas
682 1776 728 1811 de
748 1775 902 1822 Virgine
921 1777 1042 1823 potius
1061 1777 1232 1812 creditur
1249 1786 1361 1822 quam
1375 1785 1603 1823 paganorum
1621 1785 1723 1812 com-

322 1843 461 1872 menta.
489 1835 567 1871 ΠΙ.
593 1835 729 1871 Christi
750 1835 932 1872 Nativitas
949 1846 992 1870 ex
1011 1836 1206 1872 nativitate
1237 1835 1362 1871 illaesa.
1385 1835 1452 1872 IV.
1474 1836 1582 1871 Pilati
1598 1842 1635 1871 et
1650 1835 1721 1870 Ju—

323 1896 490 1932 daeorum
511 1894 750 1940 perversitas.
766 1893 813 1930 V.
832 1893 1002 1931 Christus
1018 1894 1054 1929 in
1073 1895 1368 1931 ltesurrectione
1388 1895 1519 1930 mortis
1536 1900 1573 1930 et
1587 1894 1723 1930 diaboli

323 1956 463 1996 victor.

385 2062 421 2104 I.
457 2062 543 2105 EST
572 2058 677 2103 fidei
706 2068 890 2115 nostrae,
929 2057 999 2104 vel
1030 2059 1163 2120 hujus
1190 2067 1352 2104 sanctae
1396 2067 1440 2102 et
1463 2056 1725 2105 venerabilis

325 2129 503 2176 Paschae
524 2133 624 2175 laeta
646 2129 854 2175 festivitas
870 2166 881 2186 ‚
919 2147 1053 2191 quam
1075 2129 1178 2176 feeit
1207 2147 1257 2176 ex
1281 2131 1460 2191 Virgine
1476 2130 1524 2175 in
1545 2130 1725 2177 homine

328 2211 550 2263 assumpto
589 2201 749 2248 Christi
787 2211 962 2247 carnata
1006 2203 1220 2263 majestas.
1269 2204 1399 2257 Haee,
1427 2205 1625 2258 Fratres,
1670 2200 1728 2247 de

327 2274 500 2319 Christo
519 2273 626 2318 fides
646 2283 710 2319 est
723 2283 886 2330 nostra,
911 2290 999 2335 qua
1015 2274 1183 2334 peregit
1198 2283 1359 2319 cuneta
1375 2273 1602 2332 mysteria,
1626 2292 1646 2315 «
1667 2273 1728 2319 Si-

328 2363 349 2386 »
385 2355 461 2390 cut
490 2345 614 2391 fortis
649 2347 769 2406 gigas
791 2345 848 2391 ad
880 2345 1142 2391 currendam
1179 2346 1296 2391 viam
1318 2346 1430 2402 (a)2.
1464 2363 1486 2386 »
1521 2347 1632 2391 Nam
1669 2345 1726 2389 de

327 2418 419 2461 Deo
462 2420 587 2462 Patre
615 2418 917 2478 omnipotente
955 2437 976 2460 «
1010 2419 1216 2462 Creatore
1244 2417 1570 2471 universorum,
1602 2418 1722 2475 Rege

377 2535 419 2574 (a)
446 2534 525 2568 Ρειίἰ.
549 2547 643 2577 xviii,
664 2540 695 2568 (5.

381 2603 479 2633 *ito-1.
501 2602 582 2634 malo
599 2612 721 2635 run-tus.
738 2622 776 2626 —-
803 2611 816 2627 ²
831 2604 907 2635 viae
926 2606 1026 2635 Serui.
1048 2614 1125 2635 mxv
1142 2628 1149 2643 ‚
1170 2614 1199 2635 n.
1223 2611 1253 2635 2.
