1803 3276
396 310 532 336 samue
565 307 658 334 viu.
699 310 750 334 nn
783 306 1042 335 PENTEcosTn
1079 307 1119 333 ιι.
1369 296 1450 332 375

73 392 90 410 »
119 377 317 422 runtloqui
334 376 444 411 variis
459 375 610 419 linguis,
625 376 812 419 quomodo
831 374 990 420 Spiritus
1007 374 1118 407 dalmt
1134 373 1257 418 eloqui
1273 372 1340 407 illis
1357 372 1422 419 (ιι).
1437 386 1454 405 υ

74 435 106 471 Ο
125 434 358 471 sanctificum
377 444 445 480 per
475 434 595 470 omnia
615 432 793 478 Spiritum
811 433 818 468 l
841 443 861 468 o
881 432 1033 467 virtutls
1061 431 1194 466 divium
1213 431 1427 473 magistrum
1446 459 1454 475 7

77 495 141 538 qui
166 494 216 528 ita
238 493 396 537 replevit
418 491 662 537 apostolieum
680 501 745 528 suo
765 491 911 526 flamine
930 489 1086 524 chorum
1108 515 1116 529 ,
1143 494 1182 524 ut
1210 499 1356 529 omnes,
1376 488 1454 523 siue

69 550 349 596 impedimento,
364 549 499 595 linguae
517 549 660 595 linguas
677 549 925 594 loquerentur
944 548 1107 584 omnium
1127 546 1310 593 gentium!
1332 546 1448 581 Semi—

68 614 129 645 nat
145 609 259 654 igitur
276 610 406 655 igneus
423 614 460 644 et
477 609 689 645 sanctificus
710 608 869 654 Spiritus
890 608 926 644 in
947 607 1213 653 Apostolorum
1235 606 1351 641 corda
1372 615 1450 640 ser—

71 677 218 712 mones,
249 672 288 704 et
314 672 354 704 ut
377 667 521 714 sapiens
544 668 764 703 adinventor
785 666 986 702 duodecim
1009 666 1116 701 tibias
1137 664 1223 700 fidei
1247 664 1286 699 in
1311 673 1449 708 organo

72 724 209 771 positas
225 736 322 763 novo
349 725 441 762 flatu
459 726 659 772 adimplet,
684 726 915 770 diversisque
942 724 1199 770 spiritualibus
1227 732 1384 758 currens
1415 724 1447 756 iu

68 783 208 829 fistulis,
228 785 419 831 Apostolis
432 785 576 821 cunctis
592 786 730 829 spargit
744 786 860 820 verba
874 782 1008 819 divinae
1027 782 1191 818 virtutis.

114 843 168 878 ΙΙ.
187 842 350 880 Miratur
375 842 534 890 Scytha,
562 849 671 888 pavet
691 843 911 889 Cappadox,
939 841 1087 888 AEgypti
1105 840 1289 875 habitator
1316 838 1352 873 lu
1373 844 1448 873 tota

65 903 249 938 suavitate
273 902 453 938 sermonis
469 901 657 945 hebescit,
678 902 916 947 omniumque
939 901 1092 936 advenae
1110 899 1274 945 gentium
1300 896 1449 933 confusa

66 964 188 994 mente
205 960 414 1002 mirantur,
440 960 543 1005 quod
563 971 606 995 cx
629 970 693 996 ore
723 960 840 995 aheno
871 960 1033 994 nesciam
1063 958 1214 993 audiant
1235 966 1381 992 vocem.
1402 955 1449 989 Et

64 1020 333 1064 proprietatem
342 1021 562 1062 verborum,
574 1020 841 1065 Apostolorum
851 1018 887 1052 in
897 1020 1004 1054 Actis
1015 1018 1139 1054 divina
1151 1017 1343 1062 Scriptura
1356 1016 1452 1050 desi-

64 1083 149 1121 gnat
167 1087 176 1113 ε
204 1091 222 1110 «
243 1077 337 1115 Cum
355 1078 475 1124 inquit
489 1106 500 1121 ,
519 1079 598 1116 haee
622 1088 693 1114 vox
710 1079 805 1114 saeta
829 1083 925 1114 esset
940 1104 950 1121 ,
971 1076 1146 1113 convenit
1169 1076 1391 1116 multitudo,
1414 1080 1450 1108 et

63 1146 84 1169 »
110 1141 236 1171 mente
260 1136 411 1172 confusa
444 1140 514 1178 est,
541 1136 627 1181 quia
655 1136 830 1171 audiebat
857 1135 939 1172 illos
964 1134 1218 1180 unusquisque
1238 1144 1303 1169 sua
1325 1133 1449 1178 lingua

63 1204 83 1228 ι)
109 1194 319 1240 loquentes,
342 1194 548 1240 Stupebant
558 1194 606 1230 ad
625 1194 797 1240 invicem,
814 1199 851 1229 et
867 1193 1104 1229 mirabantur
1119 1193 1302 1228 dieentes:
1320 1192 1449 1226 Nonne

62 1264 82 1286 υ
110 1253 321 1296 omnesisti,
335 1254 398 1298 qui
412 1254 633 1300 loquuntur,
645 1253 785 1290 Galilaei
802 1258 899 1296 sunt,
915 1258 950 1288 et
962 1252 1147 1298 quomodo
1159 1261 1225 1286 nos
1241 1249 1450 1286 audivimus

61 1321 82 1344 »
108 1321 171 1347 eos
184 1311 377 1357 loquentes
391 1312 542 1357 propria
557 1312 696 1358 lingua,
717 1313 755 1348 in
775 1323 846 1357 qua
863 1311 938 1347 nati
959 1321 1097 1353 sumus,
1118 1309 1249 1346 Parthi
1268 1314 1305 1344 et
1325 1308 1448 1347 Medi,

60 1381 80 1403 ›)
107 1376 143 1406 et
155 1369 218 1416 qui
235 1369 730 1416 habitantMesopotamiam‚
746 1371 913 1406 Judaeam
929 1375 966 1405 et
985 1368 1272 1414 Cappadociam,
1290 1368 1447 1402 Pontum

61 1442 78 1461 n
108 1433 146 1465 et
167 1428 314 1471 Asiam,
335 1428 537 1475 Phrygiam
556 1435 592 1465 et
612 1429 887 1476 Pamphyliam,
913 1429 1115 1474 AEgyptum
1141 1432 1177 1463 et
1198 1426 1367 1476 Cyrenen
1381 1453 1391 1468 ,
1413 1432 1449 1459 et

60 1498 80 1522 »
108 1488 275 1534 Arabes3
295 1483 506 1525 audivimus
524 1489 621 1524 enim
643 1498 706 1523 eos
725 1489 864 1525 nostris
883 1488 1020 1532 linguis
1043 1488 1237 1532 loquentes
1263 1485 1446 1530 magnalia

58 1557 78 1579 »
102 1547 170 1583 Dei
187 1545 253 1594 (a).
264 1558 284 1583 n
304 1547 380 1585 Cur
394 1547 557 1583 haesitas‘z
571 1558 639 1583 eur
653 1547 814 1589 mirari&
832 1547 1001 1593 gentium
1015 1547 1150 1581 turba?
1164 1545 1309 1588 Quaeris
1326 1544 1362 1578 in
1376 1544 1444 1578 isto

57 1612 306 1649 sacramento,
328 1606 436 1642 citius
453 1606 647 1641 creditura
669 1607 802 1641 devota
819 1629 845 1645 χ.
867 1605 939 1641 Sed
960 1612 998 1642 tu
1021 1603 1174 1650 Spiritui
1190 1608 1448 1647 sanct02prae—

56 1675 148 1710 para
165 1669 330 1701 mentem
343 1691 354 1709 ‚
376 1669 417 1700 ut
433 1665 530 1700 sieut
554 1665 590 1700 in
608 1664 877 1710 Apostolorum
905 1665 1021 1700 eorda
1049 1663 1228 1699 divinitus
1247 1662 1260 1686 3
1288 1661 1445 1706 Spiritus

57 1728 205 1759 sanctus
214 1723 309 1770 pluit
322 1734 455 1759 manna
468 1724 689 1764 verborum,
709 1723 758 1760 ita
772 1723 809 1758 in
824 1729 857 1758 te
877 1723 1066 1768 palmitem
1083 1722 1194 1757 saciat
1211 1720 1445 1756 fructificare

57 1783 257 1818 virtutum.
278 1782 386 1828 Ergo
401 1782 561 1828 Spiritus
576 1788 726 1818 sanetus
743 1782 846 1817 Patri
872 1787 908 1817 et
924 1781 1015 1816 Filio
1033 1785 1264 1822 coaeternus,
1279 1779 1442 1814 aetherea

56 1840 266 1886 procedens
284 1840 329 1875 ab
345 1841 442 1882 aula,
461 1840 625 1885 igniferis
639 1850 676 1875 se
690 1840 838 1876 flatibus
854 1844 1051 1876 ventorum
1070 1849 1138 1884 per
1154 1837 1354 1883 Apostolos
1369 1837 1442 1872 eir-

57 1898 261 1943 cumfudit,
281 1903 318 1935 et
334 1909 425 1935 aura
443 1898 717 1944 spiritualisque
738 1899 978 1943 pulchritudo
998 1897 1206 1933 Divinitatis
1228 1896 1276 1930 ita
1294 1899 1441 1931 secreta

55 1956 186 1992 animae
208 1957 446 2002 penetravit,
474 1958 569 1992 sicut
595 1957 769 2002 primitus
793 1956 1026 1991 invisibiliter
1052 1955 1203 1992 veniens
1228 1965 1294 2000 per
1313 1954 1443 1999 januas

55 2014 154 2050 auris
171 2014 340 2059 intravit,
360 2021 396 2050 et
414 2014 582 2060 Virginis
599 2016 636 2050 in
654 2020 764 2050 utero
784 2014 970 2050 hominem
984 2012 1198 2048 fabricavit.

101 2073 180 2109 III.
216 2073 352 2110 Videte
374 2083 551 2119 magnum
576 2074 822 2117 miraculum,
851 2074 1023 2114 Fratres;
1055 2073 1235 2108 satiantur
1264 2071 1442 2117 Discipuli

55 2133 239 2179 spirituali
255 2133 355 2178 cibo,
371 2138 408 2169 et
420 2140 462 2169 ut
477 2134 646 2170 coelestes
659 2134 873 2180 incolaejam
889 2135 1066 2169 videntur
1085 2134 1122 2168 in
1136 2132 1288 2168 mundo.
1306 2131 1441 2177 Replet

54 2192 180 2228 cordis
194 2203 323 2229 eorum
343 2193 462 2240 tybias
476 2193 657 2230 almificus
670 2194 829 2239 Spiritus
843 2200 1004 2237 sanetus,
1021 2199 1057 2229 et
1070 2203 1181 2229 suave
1197 2191 1440 2226 mellifluum-

56 2261 128 2296 que
145 2251 264 2289 Verbi
280 2252 384 2289 vocis
394 2262 579 2298 organum
596 2263 751 2297 ponens,
772 2263 900 2288 omnes
915 2258 1045 2298 gentes
1062 2250 1318 2287 delectabilem
1339 2250 1436 2285 invi-

58 2315 108 2345 tat
128 2311 176 2346 ad
195 2321 326 2347 sonum
340 2338 349 2356 ,
370 2316 409 2347 ut
429 2311 620 2347 Trinitatis
635 2322 710 2347 non
736 2311 959 2356 dedignetur
978 2311 1183 2356 praedicare
1205 2310 1440 2355 mysterium.

57 2367 151 2404 Cum
169 2369 286 2415 igitur
301 2369 459 2415 Spiritus
474 2376 622 2405 sanetus
639 2370 730 2406 hora
750 2371 821 2405 «liei
840 2371 967 2411 teriia,
988 2370 1082 2405 sicut
1100 2369 1293 2414 Scriptura
1317 2368 1438 2402 diviua

98 2473 144 2515 (a)
161 2476 232 2507 Act.
249 2486 288 2516 u,
304 2475 334 2518 lg.
357 2493 397 2498 —
417 2475 459 2516 (b)
473 2476 552 2509 Ibid.
575 2476 606 2517 5,
622 2487 671 2509 ιι.

102 2559 110 2575 ¹
132 2555 225 2586 Forte
248 2553 332 2600 quid
346 2556 492 2601 quaeris?
512 2556 613 2588 lector
637 2555 768 2588 videbit.
788 2573 828 2578 -—
844 2563 855 2577 2
877 2556 952 2588 Cod.
977 2556 1055 2587 malev
1083 2556 1242 2597 ·S'J›z'1·1'11e7›1
1265 2560 1426 2585 sanctum,

57 2626 96 2632 --
112 2607 125 2631 3
145 2609 191 2642 Id.
217 2608 345 2642 divinus
364 2618 406 2643 et.
