1803 3276
159 297 244 335 326
604 309 637 335 s.
678 306 909 335 Anons'nm
943 307 1124 335 Emscom

214 375 296 417 111.
321 370 406 419 Sed
421 370 565 416 adhuc
589 371 765 417 additur
787 373 831 416 in
845 372 918 416 illa
930 371 1222 417 Ninivitarum
1239 370 1545 426 satisfactione,

155 453 203 489 ut
223 453 267 488 ct
287 441 475 488 infantes
499 443 630 489 simul
653 453 696 488 et
718 443 919 488 animalia
937 444 1219 505 jejunassent.
1242 442 1329 488 Sed
1351 459 1428 488 cur
1443 458 1547 504 par-

153 515 246 560 vuli
264 516 541 576 jejunarunt,
572 516 649 577 qui
667 515 776 560 nihil
798 515 901 559 mali
924 514 1148 560 fecerant?
1171 515 1438 575 Jejunabant
1458 516 1551 559 uti-

151 603 238 648 que
260 587 536 642 innocentes,
562 596 610 631 ut
637 586 872 631 evaderent
903 596 1166 646 peccatores.
1200 585 1431 632 Clamabat
1454 602 1553 646 par-

152 657 298 713 vulus,
323 668 374 702 ut
395 659 537 702 senior
560 674 647 703 non
670 658 846 717 periret.
876 657 920 702 Si
941 658 1073 702 etiam
1093 656 1314 703 infantum
1333 658 1552 718 jejunium

152 729 614 784 iueratnecessarium,
634 744 713 773 cur
731 728 861 772 etiam
874 737 918 773 et
928 728 1151 788 pecudum
1168 738 1212 773 et
1223 729 1553 789 jumentorum?

154 801 314 861 Utique
336 810 386 845 ut
413 800 719 860 poenitentiam
749 799 979 844 hominum
1010 800 1141 844 ctiam
1174 798 1309 844 fames
1346 801 1554 860 probaret

153 872 407 917 animalium
424 908 434 928 ,
466 882 510 917 et
540 872 759 931 rugientes
783 870 838 916 ad
857 874 997 916 Deum
1015 872 1059 916 in
1084 873 1294 931 gravitate
1311 907 1322 927 ,
1347 864 1479 932 ¹quod
1497 872 1553 916 ab

155 944 376 1005 aliquibus
397 945 647 1004 patratum¹
679 943 849 999 fuerat,
881 943 937 987 ab
970 943 1176 988 omnibus
1198 942 1454 988 solveretur.
1488 946 1554 988 Ita

155 1025 199 1060 et
219 1031 313 1071 nos,
341 1019 515 1060 Fratres
533 1014 789 1070 charissimi,
805 1014 1181 1060 consentientibus
1199 1015 1353 1059 animis
1368 1023 1412 1059 et
1429 1029 1558 1059 cons-

156 1088 318 1148 piranti
347 1086 435 1131 fide
456 1086 695 1131 clamemus
724 1086 780 1130 ad
814 1086 1052 1131 Dominum
1075 1089 1216 1131 Deum
1239 1095 1453 1131 nostrum.
1487 1085 1557 1130 llli

155 1158 422 1213 clamabant,
437 1158 569 1202 etiam
583 1167 683 1218 post
700 1167 886 1216 reatum,
903 1174 981 1202 nos
998 1157 1237 1203 clamemus
1258 1172 1314 1202 ne
1328 1157 1389 1202 rei
1403 1157 1553 1201 simus.

156 1232 316 1274 Beatus
339 1226 434 1282 ille,
460 1228 758 1284 Dilectissimi,
785 1230 856 1273 cui
882 1229 1013 1273 timor
1035 1229 1140 1273 Dei2
1164 1238 1230 1274 est
1250 1243 1330 1288 pro
1352 1227 1555 1287 ssagello3

155 1316 291 1362 quem
318 1316 409 1345 non
433 1315 567 1361 poena
584 1300 764 1361 corrigit
778 1335 789 1356 ,
811 1299 912 1346 sed³
936 1299 1179 1362 disciplina.
1203 1303 1440 1362 Nunquam
1463 1309 1556 1346 tor-

156 1383 305 1418 menta
326 1373 507 1433 patitur,
533 1373 611 1434 qui
633 1372 758 1417 timet
779 1388 835 1417 ne
858 1372 1097 1434 aliquando
1120 1372 1327 1433 patiatur,

218 1448 295 1489 IV.
316 1444 403 1491 Sed
425 1444 534 1489 dicit
555 1442 668 1490 forte
689 1444 844 1506 aliquis
865 1445 912 1489 in
931 1446 1099 1506 populo
1126 1446 1241 1491 :Cur
1262 1446 1459 1500 timeam,
1479 1445 1557 1506 qui

156 1516 268 1561 nihil
285 1515 388 1560 mali
412 1515 570 1561 facio⁴P
586 1516 703 1561 Audi
717 1519 740 1561 J
744 1532 931 1562 oannem
948 1517 1197 1577 apostolum
1211 1516 1525 1578 praedicantem
1544 1536 1553 1562 :

159 1608 181 1632 «
219 1590 262 1635 Si
279 1588 516 1634 dixerimus
539 1589 642 1650 quia
664 1599 894 1650 peccatum
918 1605 1008 1635 non
1029 1589 1260 1645 habemus,
1281 1589 1363 1650 ipsi
1386 1605 1464 1634 nos
1490 1605 1558 1634 se-

159 1678 180 1702 »
217 1660 436 1716 ducimus,
457 1669 501 1704 et
514 1661 672 1706 veritas
695 1661 741 1705 in
759 1661 886 1706 nobis
907 1676 997 1706 non
1016 1671 1080 1706 est
1093 1663 1206 1720 (a).»
1220 1664 1359 1707 Nemo
1377 1675 1479 1720 ergo
1496 1676 1558 1705 se-

157 1732 292 1777 ducat
313 1748 404 1788 vos,
431 1731 730 1790 Dilectissimi3
756 1734 993 1793 pessimum
1021 1749 1158 1794 genus
1188 1733 1356 1793 peccati
1381 1742 1446 1777 est
1467 1748 1557 1778 non

155 1803 397 1863 intelligere
430 1813 623 1864 peccata.
656 1806 819 1849 Omnes
847 1804 1029 1866 quidem
1063 1814 1343 1864 agnoscentes
1376 1805 1557 1850 crimina

155 1891 248 1930 sua,
267 1873 539 1920 reconciliari
562 1876 751 1919 Domino
767 1891 841 1934 per
863 1875 1170 1936 poenitentiam
1181 1884 1380 1937 possunt.
1400 1876 1557 1922 Nullus

154 1947 289 2006 magis
311 1945 366 1990 de
388 1946 692 2006 peccatoribus
715 1945 866 2006 plangi
891 1947 1050 2005 dignus
1067 1957 1153 2003 est,
1175 1964 1308 2009 quam
1334 1948 1410 2008 qui
1432 1956 1558 2005 putat

153 2035 197 2064 se
220 2034 310 2064 non
334 2018 496 2062 habere
519 2017 641 2078 quod
664 2017 858 2078 plangat.
886 2018 1026 2064 Multa
1049 2020 1168 2064 enim
1193 2020 1455 2065 delictorum
1480 2036 1556 2079 ge-

155 2107 282 2146 nera,
306 2089 600 2145 Dilectissimi,
621 2099 665 2134 et
687 2090 782 2134 haec
800 2090 1110 2151 periculosiora
1132 2091 1357 2153 quaedam,
1383 2107 1482 2152 quae
1499 2091 1558 2135 le-

152 2163 219 2207 via
242 2176 333 2206 esse
345 2160 614 2218 creduntur3
637 2160 709 2205 illa
725 2171 828 2206 sunt
850 2162 987 2221 magis
1006 2163 1148 2218 noxia,
1170 2163 1274 2224 quia
1290 2161 1555 2223 quibusdam

152 2234 426 2279 aestimantur
447 2249 538 2278 non
559 2249 650 2278 esse
667 2242 862 2293 peccata.
880 2233 1061 2280 Nullum
1074 2235 1191 2280 enim
1204 2234 1372 2280 malum
1385 2234 1554 2279 facilius

196 2366 244 2407 (α)
270 2376 283 2398 1
300 2367 391 2399 Joan.
411 2376 442 2407 1,
463 2365 494 2398 8.

196 2455 203 2472 ¹
225 2448 305 2481 Cod.
329 2447 428 2480 habet
455 2447 653 2481 solummodo
683 2448 778 2496 qnod
803 2449 981 2495 aliquibus
1001 2448 1139 2492 flagrat.
1168 2449 1284 2481 Videat
1314 2449 1549 2482 correctionem

149 2507 279 2546 Lector,
294 2508 327 2536 et
341 2504 483 2546 judicet,
498 2515 678 2547 quanquam
697 2506 817 2548 phrasis
830 2506 1007 2545 etiamnum
1024 2510 1191 2539 remaneat
1210 2505 1404 2548 incompleta
1417 2505 1460 2536 ob
1479 2516 1550 2537 ver-

151 2562 225 2593 bum
246 2561 431 2603 rugientes,
458 2561 542 2592 sorte
565 2573 622 2603 pro
639 2562 846 2604 rugientibus
866 2563 949 2594 z'llz's.
971 2579 1012 2583 --
1038 2569 1050 2583 ²
1074 2562 1151 2594 (lod.
1176 2562 1256 2594 male
1277 2570 1363 2594 tuus.
1378 2579 1419 2583 —
1440 2560 1453 2583 3
1469 2561 1545 2593 Cod.

146 2619 363 2661 cort-[gisset;
383 2618 550 2649 evidenter
581 2630 638 2660 pro
666 2618 911 2661 cr›1·1·1]:,¹it‚s‹e<l.
942 2636 983 2641 —-
1011 2617 1025 2647 >¹0
1055 2619 1133 2650 Vide
1153 2618 1252 2659 Epist.
1281 2618 1321 2650 dc
1340 2617 1551 2650 Perfer-tione

148 2675 278 2716 justitia:
296 2675 429 2709 hominis
444 2701 450 2715 ,
468 2686 587 2707 n.x1,v.
