1803 3276
409 228 547 258 smum
579 231 626 256 11.
663 230 707 258 nv
738 228 1002 259 Sssoni-:snm
1036 235 1083 260 11.
1356 224 1441 264 349

66 296 132 332 Dei
152 302 305 340 est‚n0n
323 297 436 343 gratis
454 297 646 338 exolverit,
665 297 728 333 sed
744 298 816 333 suis
837 299 982 344 usibus,
1002 299 1137 345 lucris,
1158 306 1269 346 atquc
1289 303 1442 347 negotiis

56 354 313 399 applicaverit.
340 356 468 392 Solent
493 365 644 400 quoque
667 356 832 391 muneris
859 357 973 402 ipsius
1003 368 1138 393 nomen
1162 358 1375 404 immutare,
1407 367 1443 395 rt

57 411 187 448 dicunt
202 423 240 448 se
257 424 331 449 non
346 423 481 448 munus
498 412 699 458 accepisse,
715 413 780 448 sed
795 414 1045 450 salutationes.
1059 415 1161 458 Quos
1175 417 1301 461 utique
1316 418 1441 452 nescio

56 474 185 505 utrum
204 471 320 516 magis
338 471 482 512 stultos,
505 481 550 505 an
569 470 680 506 etiam
699 478 870 507 versutos
887 472 1068 518 appellem
1087 484 1096 518 ;
1113 474 1248 518 quibus
1268 475 1441 511 nimirum

59 528 261 564 dicendum
280 532 348 571 est,
368 535 409 565 ut
429 529 622 566 attendant
642 529 735 575 quid
754 535 808 565 est
827 531 930 575 quod
950 537 1204 577 acceperunt,
1222 539 1258 568 et
1283 544 1356 569 non
1373 534 1441 569 sibi

58 587 287 633 applaudant
303 599 348 624 ex
373 599 417 624 eo
438 588 541 634 quod
560 599 701 625 novum
719 586 770 623 illi
791 600 928 625 nomen
952 590 1136 627 inserunt.
1156 591 1221 634 At,
1241 591 1411 637 inquiunt
1432 620 1442 637 ,

44 657 127 682 ,nos
165 647 350 685 dationem
379 659 454 684 non
491 648 738 694 requirimus,
769 649 837 695 ipsi
874 650 971 685 enim
1003 656 1135 696 sponte
1165 661 1230 687 sua
1258 651 1444 687 tribuunt.

59 706 159 750 Quid
181 708 228 744 ad
251 718 318 744 vos
334 708 516 754 pertinet,
538 708 566 744 si
589 709 798 745 voluntarie
818 710 957 747 donum
980 710 1229 756 impendant?
1254 711 1399 754 Quibus
1426 723 1445 747 e

62 771 196 800 contra
215 776 282 802 nos
295 767 566 813 respondemus
583 776 591 801 :
607 766 749 803 Verum
776 774 830 803 est
851 769 999 804 omnino
1024 769 1125 814 quod
1146 769 1291 810 dicitis;
1312 777 1446 815 sponte

59 834 126 859 sua
146 823 334 868 tribuunt,
365 826 452 872 quia
477 826 586 861 aliter
607 824 789 870 Justitiam
809 837 885 862 non
911 826 1124 873 invenient3
1150 838 1235 863 nam
1259 828 1448 864 noluerint

61 883 191 928 utique
204 883 308 925 dare,
329 884 357 919 si
375 884 482 920 aliter
499 883 731 929 adjustitiam
746 885 951 931 potuissent
971 885 1182 931 pervenire.
1204 887 1254 922 At
1272 897 1339 932 per
1355 886 1445 931 hoc,

60 947 97 978 et
116 941 323 978 voluntarie
341 943 501 989 quodam
517 944 650 986 modo,
670 949 707 979 et
725 944 851 987 inviti,
873 943 1060 979 dationem
1081 944 1185 980 vobis
1203 945 1390 981 exolvunt.

108 1000 203 1037 XII.
242 1002 417 1047 Dumque
441 1001 497 1038 his
527 1004 564 1038 el
592 1002 878 1049 quamplurimis
904 1002 1185 1047 Scripturarum
1231 1003 1449 1039 testimoniis

62 1059 152 1096 tales
170 1060 428 1096 convincimus
447 1071 522 1096 non
541 1070 603 1096 eos
616 1060 692 1104 jam
713 1060 852 1095 debere
867 1059 1032 1105 qualibet
1051 1065 1144 1102 arte,
1164 1061 1331 1105 quolibet
1346 1062 1447 1106 inge-

63 1119 124 1155 nio
155 1129 290 1154 munus
319 1119 378 1156 vel
409 1119 651 1155 salutationes
679 1124 870 1165 appetere,
900 1119 1029 1155 amissa
1055 1118 1178 1154 fronte
1204 1120 1373 1164 pudoris,
1411 1121 1448 1156 in

64 1179 257 1225 querelam
276 1178 475 1222 prosiliunt
496 1179 662 1214 dicentes
686 1191 694 1214 ε
717 1178 753 1213 Si
775 1179 853 1214 haec
874 1179 922 1214 ita
953 1189 992 1214 se
1006 1178 1156 1220 habent,
1175 1181 1363 1224 quomodo
1382 1191 1448 1226 pa-

63 1237 152 1273 latia
170 1237 334 1284 stabunt,
357 1238 548 1282 quomodo
566 1236 711 1282 judices
729 1237 886 1273 dominis
902 1237 976 1273 suis
993 1237 1217 1283 placebunt?
1239 1238 1340 1281 Quos
1358 1249 1451 1274 eon-

65 1301 138 1338 tra,
152 1306 219 1332 nos
238 1297 424 1332 veraciter
443 1295 612 1338 dicimus,
632 1296 718 1341 quia
737 1296 823 1332 inde
841 1297 954 1341 magis
973 1297 1105 1342 palatia
1123 1302 1251 1340 ruunt,
1265 1297 1376 1341 unde,
1393 1308 1449 1333 se-

66 1354 233 1390 cundum
247 1360 411 1391 vestram
428 1355 662 1396 sententiam,
678 1355 782 1399 quasi
799 1361 895 1391 stare
913 1355 1103 1391 videntur.
1117 1355 1206 1391 Inde
1217 1357 1342 1391 enim«
1353 1356 1454 1393 Gens

65 1427 82 1445 ν)
113 1424 225 1460 supra
245 1419 396 1458 gentem
414 1414 536 1456 venit3
557 1413 644 1448 inde
657 1423 815 1458 regnum
825 1420 955 1450 contra
971 1424 1143 1459 regnum1
1161 1415 1451 1462 consurgit(a);›)

65 1473 152 1508 inde
170 1474 272 1509 natio
293 1474 394 1510 cadit
410 1482 540 1509 coram
560 1472 652 1516 alia3
674 1473 760 1508 inde
780 1473 916 1516 clades,
934 1474 1021 1509 iude
1036 1474 1163 1515 fames,
1187 1474 1273 1510 inde
1294 1475 1451 1519 excidia,

66 1531 153 1567 inde
168 1532 343 1568 oriuntur
361 1531 572 1567 discrimina
593 1543 602 1576 ;
621 1538 658 1567 ct
671 1532 769 1567 unde
788 1532 959 1568 dominus
979 1538 1148 1568 terrenus
1166 1533 1334 1579 placatur
1348 1535 1454 1575 ,inde

67 1590 248 1626 Dominus
262 1590 423 1626 coelestis
441 1590 485 1626 ad
509 1590 742 1626 iracundiam
761 1596 1005 1636 provocatur.
1026 1591 1106 1626 Hac
1126 1592 1171 1627 de
1192 1601 1299 1626 causa
1322 1593 1456 1628 beatus

68 1649 272 1695 Apostolus
288 1648 378 1684 dicit
400 1662 409 1684 z
428 1662 446 1682 «
466 1648 540 1692 Qui
561 1648 692 1683 volunt
719 1648 853 1684 divites
872 1648 966 1693 fieri,
991 1649 1161 1684 incidunt
1201 1650 1238 1684 in
1274 1651 1454 1686 tentatio-

67 1718 88 1742 »
113 1718 178 1743 nes
188 1715 217 1750 ²,
230 1706 326 1743 etin
344 1707 519 1752 laqueum
539 1706 689 1750 diaboli,
705 1714 739 1741 et
758 1707 939 1742 desideria
961 1707 1077 1742 multa
1097 1707 1238 1742 inutilla
1254 1714 1289 1742 ct
1309 1710 1454 1751 nociva,

67 1780 85 1799 »
115 1777 199 1813 quae
217 1771 392 1811 mergunt
410 1765 578 1801 homines
598 1765 637 1800 in
655 1766 848 1801 interitum
873 1771 910 1800 et
936 1765 1186 1811 perditionem
1200 1766 1288 1812 ξω.»
1313 1767 1370 1802 Ac
1389 1777 1457 1812 per

70 1825 305 1862 Salomonem
323 1825 462 1861 dicitur
483 1835 492 1860 ε
518 1839 535 1858 «
553 1824 626 1868 Qui
650 1824 800 1860 festinat
826 1825 936 1860 ditari
966 1835 1041 1860 non
1061 1825 1132 1860 erit
1150 1826 1328 1861 innocens
1344 1826 1385 1873 (c)
1403 1836 1413 1869 ;
1435 1839 1455 1861 »

70 1889 110 1921 et
124 1894 276 1920 rursum
293 1894 302 1920 ε
319 1883 507 1920 «Facilius
526 1889 582 1919 est
597 1883 779 1918 camelum
800 1893 867 1927 per
880 1882 1048 1918 foramen
1065 1892 1152 1918 acus
1166 1884 1320 1927 intrare,
1347 1895 1457 1930 quam

71 1954 91 1978 »
119 1943 275 1979 divitem
292 1942 330 1977 in
345 1951 505 1987 regnum
518 1941 702 1977 coelorum
718 1941 860 1976 intrare
886 1941 960 1987 (d).
981 1954 998 1973 »
1020 1941 1111 1984 Quae
1132 1941 1307 1977 videlicet
1323 1943 1456 1989 Sch'p-

72 2007 247 2038 turarum
257 2000 465 2037 testimonia
476 2009 564 2036 cum
578 1999 756 2035 hesterna
769 1999 828 2034 die
839 1999 986 2034 cuidam
1001 1998 1109 2045 hujus
1118 2000 1241 2035 saeculi
1259 2001 1458 2046 opulentis-

71 2063 165 2098 simo
181 2060 343 2107 principi
358 2070 625 2107 proponerem,
645 2059 838 2104 respondit
855 2058 959 2102 mihi,
982 2069 1056 2094 non
1074 2059 1118 2094 de
1133 2059 1372 2097 substantivis
1398 2071 1459 2106 pe-

72 2120 204 2162 cuniis,
215 2119 280 2155 sed
293 2119 339 2154 de
358 2118 496 2154 divitiis
513 2117 671 2162 intelligi
689 2117 841 2152 dehere.
854 2116 928 2151 Sed
942 2126 1053 2162 parce
1070 2118 1149 2160 tibi,
1165 2128 1303 2163 quaeso,
1317 2121 1460 2165 optimc

74 2181 227 2221 Amice;
243 2178 365 2214 adime
379 2187 511 2213 vanam
528 2177 784 2215 securitatem;
803 2176 950 2211 intuere
961 2175 1049 2220 quid
1064 2176 1100 2211 in
1112 2176 1165 2212 his
1181 2177 1433 2224 Hieronymus
1447 2207 1456 2222 ,

74 2238 168 2284 quid
178 2235 415 2280 Ambrosius,
435 2235 526 2281 quid
543 2235 789 2279 Augustinus,
804 2234 895 2278 quid
912 2235 1068 2269 senserit
1085 2234 1216 2271 beatus
1234 2235 1456 2282 Gregorius.

74 2297 152 2332 lllis
167 2296 281 2332 crede
297 2296 363 2341 qui
378 2293 602 2341 Apostolum
620 2298 834 2339 sequentcS,
850 2291 1058 2327 «Radicem
1078 2294 1242 2329 omnium
1258 2296 1457 2342 malorum,

75 2355 351 2403 »cupiditatem
371 2353 437 2402 (e)»
457 2363 534 2388 esse
549 2352 793 2398 pecuniarum
818 2351 1011 2393 dixerunt,
1032 2363 1107 2388 non
1123 2353 1255 2390 divites
1273 2364 1455 2391 accusan-

122 2450 168 2493 (α)
200 2450 314 2484 Matth.
346 2460 452 2492 xxvii,
473 2460 505 2492 7.
541 2466 582 2472 —
605 2448 650 2490 (b)
676 2459 689 2482 1
716 2449 795 2481 Tim.
824 2459 876 2491 vt,
896 2459 928 2491 9.
950 2465 992 2471 —-
1010 2447 1052 2490 (ο)
1075 2451 1168 2483 Prov.
1194 2462 1289 2484 xxviii
1304 2477 1312 2493 ‚
1345 2462 1398 2486 22.
1421 2471 1462 2477 —-

78 2507 128 2549 (d)
146 2506 260 2540 Matth.
278 2519 352 2550 xix,
377 2504 431 2549 24.
446 2522 488 2528 -—
501 2504 544 2546 (e)
565 2516 577 2536 1
598 2505 679 2537 Tim.
702 2516 754 2547 vi,
773 2515 825 2537 10.

129 2573 136 2588 ¹
158 2568 279 2597 Desunt
302 2563 332 2598 in
349 2563 427 2597 eod.
445 2561 542 2597 verba
561 2569 682 2596 contra
700 2573 845 2605 regnum,
866 2578 907 2586 -·
924 2567 936 2585 ²
955 2560 1032 2596 Cori.
1052 2562 1085 2596 1'11
1102 2563 1350 2599 tentationibus.
