1803 3276
510 204 648 230 semro
682 203 791 228 xxm.
830 202 882 228 m:
917 202 1070 228 msan
1106 204 1153 228 ιι.
1447 190 1524 228 143

135 268 203 313 lus
226 268 343 313 enim
366 268 536 314 Domini
552 265 835 313 descenderat
857 265 910 312 de
933 265 1070 323 coe103
1103 266 1299 311 videntes
1323 266 1526 313 custodes

138 339 364 400 territique
386 347 701 400 expavescunt,
743 353 833 383 non
857 346 1098 398 potuerunt
1127 336 1274 380 videre
1296 336 1419 382 illum
1452 353 1528 382 su-

135 409 607 470 blin1em(manibus¹>
623 408 894 470 Angelorum
904 443 916 465 ,
941 407 1044 468 quia
1060 406 1180 468 pleni
1197 416 1322 452 erant
1342 406 1530 453 falsitate

136 481 409 529 Judaeorum.

197 556 279 600 III.
301 554 621 600 Permittuntur
638 552 788 600 videre
807 551 1013 597 mulieres
1035 549 1256 610 Angelum
1271 550 1375 612 quia
1395 565 1531 596 vene-

138 633 236 669 rant
255 625 410 670 flentes
426 624 482 671 ad
502 633 856 679 monumentum,
877 622 1041 684 quibus
1055 621 1165 667 dixit
1178 620 1390 681 gaudium
1406 636 1532 682 mag-

137 711 259 744 uum.
289 715 311 739 «
338 697 435 742 Scio
451 696 574 759 quod
595 700 620 742 J
623 713 744 743 esum
755 695 949 758 quaeritis
965 694 1223 740 crucifixum
1235 728 1246 750 ,
1263 709 1354 739 non
1362 703 1427 738 est
1442 694 1530 750 hic,

140 786 161 810 »
197 766 274 813 sed
303 770 509 821 surrexit,
536 770 646 815 sicut
678 769 812 828 dixit,
842 768 987 813 venite
1019 777 1063 812 et
1088 765 1234 811 videte
1255 764 1428 821 locum,
1456 765 1534 810 ubi

140 857 161 884 υ
196 839 362 900 positus
379 851 472 886 erat
487 842 694 887 Dominus
709 846 774 899 (a)
790 876 799 885 .
819 859 840 882 >›
874 838 1133 898 Ogaudium
1164 853 1254 882 non
1288 837 1430 882 solum
1452 836 1536 881 illis

138 910 416 969 mulieribus,
441 912 518 958 sed
538 914 737 959 omnium
752 911 949 956 fidelium
967 920 1099 971 atque
1115 907 1391 953 credentium
1408 924 1535 952 rena-

140 991 302 1028 torum.
340 984 551 1040 Surrexit,
572 985 732 1045 inquit,
748 982 840 1038 sed,
855 991 906 1027 ut
927 981 1118 1026 breviter
1134 978 1277 1024 dicam
1296 978 1418 1040 quod
1432 977 1536 1023 olim

137 1051 283 1098 fuerat
298 1055 611 1115 prophetatum
628 1090 639 1110 ,
665 1052 799 1099 David
820 1052 894 1098 ifle
915 1067 990 1096 rex
1009 1050 1166 1111 plenus
1210 1050 1374 1110 Spiritu
1390 1058 1538 1094 sancto

138 1124 349 1170 veraciter
360 1126 517 1172 cecinit
528 1127 576 1171 in
595 1125 767 1172 Psalmo
789 1144 799 1170 ε
823 1143 844 1167 «
872 1122 1066 1169 Surrexit
1086 1131 1299 1181 tanquam
1318 1119 1540 1165 dormiens

142 1214 163 1238 »
175 1197 384 1242 Dominus
393 1196 470 1255 (b).
479 1216 500 1240 »
516 1198 633 1252 Quid
642 1197 886 1259 plurimum
893 1195 1036 1241 dicam
1042 1209 1121 1255 per
1130 1192 1341 1252 longum?
1352 1191 1541 1237 sufficiat

134 1269 228 1330 jam
245 1268 353 1319 fides
364 1306 376 1326 ,
389 1269 511 1332 quod
527 1270 744 1332 explicare
764 1285 855 1314 non
868 1265 1078 1329 praevalet
1098 1280 1255 1311 sermo.
1272 1265 1379 1319 Quis
1401 1263 1541 1309 noctis

140 1341 378 1401 praeteritae
397 1351 570 1401 gratum
583 1341 797 1397 lahorem,
813 1340 909 1402 quis
921 1338 1008 1384 diei
1019 1339 1152 1400 hujus
1166 1335 1541 1397 comprehendere

140 1420 287 1471 potest
306 1411 612 1473 splendorem?
633 1413 727 1457 Dies
739 1413 818 1457 iste
829 1410 1033 1456 omnibus
1055 1407 1310 1455 Christianis
1330 1407 1543 1451 immensa

142 1482 304 1542 gaudia
323 1484 589 1544 propinavit,
615 1483 724 1528 dum
744 1498 847 1528 eum
873 1481 1001 1527 nobis
1023 1480 1222 1527 Christus
1253 1478 1420 1525 caeteris
1448 1476 1545 1522 die-

142 1554 226 1606 bus
245 1555 472 1619 meliorem
493 1554 613 1601 facit.
654 1575 675 1599 «
693 1554 952 1600 Exultemus
973 1568 1094 1613 ergo,
1119 1551 1386 1607 Charissimi,
1407 1559 1451 1595 et
1466 1549 1546 1594 iae-

146 1643 168 1669 »
198 1635 342 1672 temur
356 1627 402 1671 in
413 1642 481 1684 eo,
493 1627 596 1689 quia
613 1627 685 1672 hic
704 1636 769 1672 est
785 1626 892 1682 dies,
915 1640 1049 1686 quem
1068 1622 1171 1669 fecit
1191 1622 1398 1668 Dominus
1416 1625 1490 1678 (c).
1519 1638 1541 1662 »

144 1701 259 1743 Puto
277 1698 412 1754 enim,
430 1701 619 1755 Fratres,
645 1697 767 1759 quod
788 1697 868 1742 iste
886 1696 977 1742 dies
999 1695 1116 1741 solus
1133 1692 1318 1756 magnus
1333 1692 1546 1738 dicendus

146 1777 212 1814 est
232 1769 339 1814 dies.
376 1772 464 1814 Iste
491 1770 610 1814 enim
639 1769 731 1814 dies
757 1767 878 1813 lucet
908 1768 954 1813 in
977 1766 1165 1812 tenebris
1181 1802 1192 1822 ,
1222 1775 1265 1810 et
1291 1785 1312 1808 «
1336 1763 1546 1810 Tenebrae

148 1857 170 1881 »
200 1855 304 1885 eum
319 1856 411 1885 non
422 1840 852 1901 comprehenderunt
863 1838 944 1897 (d).
962 1857 983 1881 >›
1003 1838 1221 1883 Tenebras
1238 1837 1336 1882 dico
1351 1839 1375 1881 J
1379 1835 1543 1889 udaeos,

148 1911 227 1971 qui
247 1910 355 1957 dum
379 1912 497 1957 diem
518 1912 743 1958 Christum
776 1919 1072 1970 negaverunt,
1103 1909 1211 1953 dum
1233 1908 1376 1967 (enim
1393 1908 1440 1965 >²
1458 1905 1547 1951 cla-

147 1991 271 2028 mant
293 2002 301 2028 :
331 2001 353 2026 «
372 1983 613 2041 Crucifige,
638 1982 842 2041 crucifige
860 1986 969 2038 (e),»
995 1980 1098 2025 facti
1115 1989 1217 2024 sunt
1240 1978 1434 2023 tenebrae
1459 1992 1548 2021 me-

149 2052 222 2099 dio
244 2052 330 2098 die.
362 2056 479 2113 Ergo
507 2054 611 2114 quia
633 2053 776 2099 Judaei
806 2053 1029 2098 Christum
1052 2067 1130 2112 per
1153 2059 1328 2096 noctem
1345 2063 1547 2109 compre-

150 2123 344 2171 hendere
361 2123 614 2181 voluerunt,
642 2124 746 2169 inde
768 2124 814 2169 in
835 2124 1026 2168 tenebris
1044 2130 1362 2167 remanserunt.

213 2197 290 2240 IV.
319 2197 480 2241 Gentes
499 2204 648 2241 autem
666 2205 711 2241 et
730 2194 885 2240 incolae
906 2194 1120 2249 nationes,
1143 2193 1247 2254 quia
1271 2192 1328 2237 de
1357 2190 1547 2235 tenebris

153 2264 374 2314 idolorum
386 2267 690 2323 discesserunt,
706 2265 796 2312 dies
809 2265 924 2312 effici
937 2273 1210 2321 meruerunt,
1224 2263 1397 2308 dicente
1413 2265 1546 2322 Apos-

196 2386 243 2430 (u)
265 2388 378 2422 Matth.
413 2400 530 2432 xxvur,
557 2388 597 2432 5,
621 2389 654 2422 6.
681 2405 724 2411 —-
755 2388 798 2430 (b)
821 2387 902 2420 Psal.
923 2398 1048 2430 Lxxvn,
1071 2386 1128 2419 65.
1158 2402 1200 2409 —·
1224 2385 1268 2427 (c)
1286 2385 1334 2418 Id.
1361 2395 1462 2425 cxvu,
1489 2380 1544 2425 24.

152 2457 196 2471 -ι-
220 2443 274 2486 (d)
291 2447 383 2480 Joan.
404 2456 436 2489 1,
459 2444 493 2478 5.
510 2462 553 2469 —-
576 2444 764 2487 (e)1d.xix,
782 2444 816 2476 6.

200 2519 208 2534 ¹
226 2514 324 2545 Deest
342 2512 376 2546 in
387 2512 465 2546 Cod.
488 2522 550 2546 vox
564 2512 732 2546 mandans.
747 2528 790 2536 -·
816 2518 830 2536 ²
843 2513 911 2545 Vox
928 2511 1016 2544 enim
1033 2509 1160 2544 videtur
1180 2507 1357 2543 abundare.
1370 2522 1413 2533 --
1439 2503 1543 2538 ³Vide

154 2569 256 2603 Serm.
279 2579 391 2613 ccxxv,
410 2568 468 2605 ubi
479 2570 520 2605 de
536 2569 606 2613 die,
630 2573 664 2603 et
679 2578 786 2617 ccxxx.
