1803 3276
53 362 74 372 a
377 312 390 324 ὸ
421 338 560 370 εΕιιΜο
592 341 640 370 11.
677 341 722 370 m
753 338 1012 370 sEerEsmA
1045 341 1093 367 11.
1365 328 1447 367 347

68 418 88 442 ι)
114 406 254 443 honum
265 434 275 452 ,
290 411 332 444 ut
351 407 513 443 declines
527 408 850 452 averitatejudicii
865 406 928 454 (a).
940 418 959 441 »
971 406 1076 441 Tales
1091 407 1265 442 nimirum
1281 407 1450 443 vitandos

66 477 143 504 esse
157 468 192 503 in
206 468 340 504 eodem
354 467 449 503 libro
465 467 653 513 eloquium
668 467 736 502 Dei
752 469 927 503 admonet
940 493 949 510 ‚
965 477 1052 502 cum
1073 466 1181 502 dicit:
1198 467 1284 502 «Ne
1299 466 1448 502 aemule-

65 536 86 560 »
112 526 163 561 ris
178 526 278 562 viros
295 526 430 569 malos,
450 536 519 562 nec
534 526 722 562 desideres
740 536 817 562 esse
835 536 922 561 cum
947 525 1017 568 eis,
1033 525 1119 570 quia
1141 525 1187 559 ad
1206 525 1352 569 rapinas
1365 535 1448 560 me-

67 596 85 617 »
114 584 256 620 ditatur
273 594 378 620 mens
394 594 545 628 eorum⁷
563 591 599 621 et.
619 585 768 621 fraudes
790 584 882 620 labia
899 594 1029 619 eorum
1050 584 1256 628 loquuntur
1276 582 1336 628 (b).
1356 596 1373 614 »

114 643 222 679 VIII.
236 643 365 687 Qualis
379 649 506 679 autem
519 644 719 680 retributio
735 644 813 680 illos
831 643 1079 687 obsequatur,
1100 642 1149 677 ibi
1167 641 1427 676 manifestatur
1437 668 1446 683 ‚

64 712 154 739 eum
173 703 332 738 dicitur:
355 716 371 736 «
389 702 531 749 Rapina
548 703 749 749 impiorum
774 702 947 738 detrahet
968 711 1030 737 eos
1043 729 1052 745 ‚
1072 701 1160 746 quia
1176 699 1376 736 noluerunt
1396 699 1447 735 fa-

63 774 81 794 »
110 770 200 797 cere
215 760 399 806 judicium
413 761 472 809 (ο).
487 774 504 794 »
531 760 679 797 Horum
703 760 1002 808 oppressionibus
1025 760 1071 795 ad
1093 758 1296 794 vindictam
1317 756 1448 803 judicii

64 819 245 856 Dominus
263 826 515 866 provocatur,
548 820 644 856 sicut
663 820 739 866 ipse
762 830 829 867 per
854 819 1088 856 Psalmistam
1119 823 1279 855 testatur
1301 817 1446 852 dicens:

66 894 83 913 «
109 879 273 926 Propter
289 880 479 915 miseriam
489 881 655 926 inopum,
667 884 703 916 et
720 880 898 924 gemitum
908 889 1116 925 pauperum
1129 887 1229 913 nune
1246 886 1423 921 exurgam
1435 903 1446 920 ‚

61 950 80 972 n
108 937 200 973 dicit
217 938 503 986 Dominus(d).»
516 937 548 974 Ο
564 938 667 974 dives
680 938 888 984 cupiditate
905 936 1043 973 caeous!
1060 936 1091 972 O
1102 936 1216 982 judex
1227 935 1445 981 perversus!

62 998 99 1034 Si
117 1007 321 1043 pauperem
335 997 523 1044 jacentem
540 998 608 1034 sub
625 998 782 1044 pedibus
800 997 874 1034 tuis
896 997 1053 1042 despicis
1065 1023 1074 1040 ,
1097 996 1298 1032 Dominum
1315 995 1392 1041 ejus
1411 1002 1448 1031 et

61 1062 169 1093 tuum
187 1063 428 1102 exurgentem
452 1057 630 1093 adversus
653 1062 690 1093 te
708 1056 847 1092 iratum
861 1083 871 1100 ,
892 1066 963 1092 cur
987 1066 1063 1091 non
1081 1054 1321 1100 expavescis?
1346 1053 1447 1089 Solet

60 1117 158 1153 enim
175 1117 400 1163 plerumque
415 1117 462 1152 de
479 1116 584 1152 vobis
598 1116 765 1151 vindicta
778 1115 899 1151 subita
915 1115 996 1150 fieri
1008 1142 1017 1159 ‚
1038 1124 1118 1150 ossa
1138 1113 1247 1148 etiam
1266 1117 1391 1147 vestra
1410 1117 1448 1147 et

60 1185 192 1212 carnes
206 1202 217 1220 ‚
231 1176 328 1212 sicut
344 1175 494 1211 cuidam
507 1184 628 1220 nuper
646 1174 845 1219 contigisse
863 1178 1081 1216 enarratur,
1102 1172 1138 1208 in
1166 1171 1346 1217 sepulcris
1362 1172 1446 1215 igne

59 1235 244 1270 consumi.
266 1233 341 1269 Sed
358 1244 446 1269 eum
460 1244 557 1270 unus
577 1234 623 1269 ad
641 1233 916 1269 damnationem
933 1231 1189 1273 subtrahitur,
1207 1239 1293 1265 cum
1310 1230 1447 1274 gehen—

58 1302 116 1329 nae
139 1292 320 1329 incendiis
357 1293 490 1339 spiritu
529 1292 785 1338 mancipatur,
814 1291 924 1326 etiam
951 1300 1114 1336 corpore
1143 1290 1180 1324 ln
1205 1294 1446 1325 monumento

59 1357 272 1397 crematur,
293 1352 387 1389 alter
411 1352 458 1387 ad
479 1351 756 1398 oppressionem
782 1351 940 1396 nequius
965 1349 1231 1385 Inflammatur.
1250 1347 1351 1384 Audi
1369 1354 1446 1383 ter-

61 1411 162 1448 renis
188 1411 427 1448 felicitatibus
454 1410 576 1452 dives‚
600 1410 814 1446 coelestibus
837 1409 944 1445 bonis
971 1418 1134 1453 egenus:
1155 1407 1242 1442 audi
1266 1406 1356 1452 quid
1380 1406 1447 1442 tibi

53 1469 172 1517 judex
188 1470 356 1506 omnium
380 1469 480 1505 Deus
503 1469 624 1505 dicat:
647 1468 765 1504 «Non
792 1467 903 1504 facies
929 1467 1142 1503 violentiam
1162 1465 1340 1512 pauperi,
1361 1465 1447 1510 quia

60 1541 78 1561 »
104 1539 251 1576 pauper
265 1534 340 1573 est,
356 1538 479 1574 neque
497 1533 671 1565 conteras
690 1537 849 1573 egenum
866 1529 902 1564 in
921 1532 1029 1574 porta
1042 1526 1146 1572 ,quia
1160 1525 1340 1562 Dominus
1358 1524 1448 1570 diju-

57 1600 75 1621 »
105 1587 244 1624 dicabit
266 1597 417 1624 eausam
437 1587 514 1634 ejus
527 1613 538 1631 ,
567 1595 603 1625 et
634 1586 797 1633 configet
823 1597 903 1631 eos,
932 1586 996 1632 qui
1021 1584 1256 1621 confixerunt
1286 1583 1445 1618 animam

59 1659 78 1680 »
107 1647 184 1692 ejus
199 1647 258 1695 (e).
275 1656 296 1681 »

104 1706 177 1743 IX.
204 1707 256 1743 At
269 1712 402 1743 eontra
414 1706 453 1751 ii,
472 1706 537 1752 qui
552 1716 700 1742 causam
722 1706 817 1742 recti
831 1705 960 1752 judieii
975 1705 1128 1751 praemio
1143 1713 1218 1739 non
1234 1703 1445 1743 immutant,

56 1767 123 1804 sed
145 1767 335 1811 vendunt,
354 1766 405 1802 nil
429 1777 468 1803 se
494 1765 556 1801 tali
580 1766 619 1801 in
635 1766 734 1802 facto
758 1765 954 1810 dequuisse
982 1763 1204 1805 existimant.
1225 1762 1446 1807 Proponunt

58 1827 156 1863 enim
174 1826 242 1863 sibi
260 1827 440 1872 quasdam
453 1826 543 1862 risui
558 1825 685 1870 dignas
700 1824 839 1860 fabulas
858 1829 895 1860 et
909 1824 1039 1859 dicunt
1056 1822 1235 1859 :Causam
1250 1820 1446 1866 cujuslibet

56 1885 181 1922 facere
197 1891 234 1922 et
250 1895 386 1922 munus
400 1884 573 1931 accipere
590 1883 798 1920 humanum
817 1888 872 1918 est
886 1894 894 1923 ;
909 1893 984 1918 non
1000 1881 1123 1917 facere
1136 1885 1174 1916 et
1189 1880 1358 1924 accipere
1373 1878 1447 1914 dia-

55 1944 220 1981 bolicum
234 1949 322 1980 est¹.
337 1944 443 1988 Quos
458 1952 527 1988 ego
541 1943 778 1988 interrogare
792 1941 944 1982 studeo,
958 1946 1086 1976 utrum
1101 1939 1172 1975 hoe
1195 1938 1295 1984 quod
1313 1937 1445 1972 huma-

56 2014 145 2040 num
164 2004 316 2045 dicunt,
334 2006 533 2048 peecatum
551 2002 596 2037 sit
613 2011 658 2037 an
669 2011 756 2036 non.
776 2000 844 2035 Die
857 2025 866 2042 ,
881 2009 1005 2044 quaeso
1017 2025 1026 2042 ,
1046 1999 1074 2034 si
1091 1998 1264 2033 mandata
1282 1996 1349 2031 Dei
1364 1996 1444 2030 vio-

56 2063 134 2099 lare
149 2067 352 2109 peccatum
368 2062 435 2105 sit,
456 2071 503 2096 an
519 2060 648 2096 nonsit
668 2071 678 2105 ;
698 2065 734 2095 et
759 2064 865 2094 certe
881 2058 918 2092 in
935 2058 1060 2092 verbis
1078 2057 1146 2092 Dei
1163 2056 1199 2091 in
1216 2055 1297 2100 lege
1322 2054 1444 2090 divina

57 2121 282 2168 generaliter
299 2121 444 2156 eunetis
468 2119 536 2155 sub
560 2130 635 2155 uno
663 2119 898 2165 praecipitur:
925 2128 944 2152 «
968 2116 1052 2152 Non
1078 2115 1234 2161 accipies
1266 2123 1442 2158 munera,

56 2195 74 2216 »
103 2182 192 2228 quia
219 2191 377 2217 munera
401 2185 588 2216 excaecant
609 2189 675 2215 cor
702 2178 928 2224 sapientum,
958 2183 995 2213 et
1020 2181 1164 2211 mutant
1188 2174 1301 2211 verba
1326 2174 1444 2219 justo-

56 2254 74 2275 »
104 2241 278 2288 rumU).
291 2253 309 2272 »
328 2245 453 2285 Atque
469 2239 629 2275 iterum:
643 2252 660 2271 «
672 2238 781 2273 Juste
799 2236 900 2282 quod
915 2236 1057 2282 justum
1073 2240 1127 2269 est
1145 2233 1411 2279 exequeris(9).
1425 2245 1442 2263 »

57 2299 256 2344 Quomodo
276 2299 375 2334 enim
392 2298 490 2344 juste
509 2298 610 2343 quod
629 2297 772 2343 justum
793 2302 849 2331 est
874 2295 1088 2340 exequitur,
1114 2293 1267 2338 quinon
1287 2297 1447 2337 propter

57 2359 175 2406 ipsam
189 2357 370 2404 justitiam
382 2384 392 2402 ,
411 2357 477 2393 sed
487 2362 645 2403 propter
658 2354 854 2402 pecuniam
865 2354 899 2389 in
911 2353 1050 2399 judicio
1064 2357 1207 2387 rectam
1223 2349 1445 2386 sententiam

56 2417 229 2466 proferre
247 2417 412 2454 videtur.
431 2415 509 2452 Cur
527 2426 601 2451 non
616 2414 749 2451 videtis
761 2440 771 2457 ,
788 2412 929 2454 miseri,
950 2412 984 2446 in
998 2416 1179 2457 quantum
1205 2415 1331 2446 vestra
1349 2408 1446 2444 desi-

102 2529 149 2571 (a)
169 2530 266 2561 Prov.
286 2539 384 2570 xvm,
406 2527 439 2561 5.
459 2544 502 2550 —
520 2526 564 2568 (b)
587 2527 635 2560 Id.
655 2537 751 2568 ΠΝ,
775 2538 805 2568 1,
823 2537 853 2559 2.
875 2543 917 2549 -
945 2525 988 2567 (c)
1005 2525 1050 2557 Id.
1081 2534 1153 2564 xxi,
1169 2533 1200 2564 7.
1221 2538 1263 2544 —
1280 2519 1335 2562 (cl)
1362 2519 1444 2553 Psal.

58 2599 109 2631 xi,
127 2588 160 2621 6.
180 2604 223 2610 —-
246 2585 288 2627 (e)
307 2588 401 2619 Prov.
417 2596 503 2628 xxn,
522 2584 575 2618 23.
592 2602 634 2608 -·
652 2583 718 2627 (f)
735 2588 829 2618 Dent.
852 2596 924 2627 xvi,
943 2596 991 2626 ις).
1020 2600 1050 2604 -
1080 2580 1219 2626 (531bid.
1237 2588 1292 2612 20.

107 2680 115 2696 ¹
134 2672 213 2706 Vide
226 2675 370 2705 Enarrat.
392 2672 423 2703 in
437 2670 516 2703 Psal.
538 2680 599 2702 xxv
611 2695 619 2711 ‚
639 2680 670 2701 n.
696 2669 746 2701 13.
