1803 3276
305 266 318 300 1
333 262 354 300 8
364 263 386 300 2
758 272 790 300 s.
828 270 911 299 Αϊα
919 271 1058 300 cs'nm
1090 270 1270 300 m’tscom

862 407 1151 453 SYNOPSIS.

348 545 379 581 Ι.
417 543 470 580 Dc
499 543 649 580 Paschae
670 543 819 579 nomine
846 549 883 579 et
915 543 1074 578 ratione.
1110 542 1164 577 ΙΙ.
1191 541 1362 578 Christus
1386 550 1502 587 ugnus
1522 539 1590 579 Dei
1621 544 1691 590 pru

297 604 413 640 salute
440 609 564 639 nostra
592 602 747 638 occisus.
775 602 844 638 111.
871 602 989 638 Crura
1007 599 1142 637 Clu-isti
1169 611 1242 636 non
1269 601 1410 642 srac1a;
1439 600 1606 638 Christus
1623 612 1692 648 pro

298 663 418 699 Adam
438 668 621 698 mortuus.

357 787 392 830 Ι.
410 786 702 830 PAnmcmALE
719 783 803 828 hoc
817 783 1076 829 sacrificium
1094 792 1159 828 est
1171 818 1182 839 ‚
1203 781 1237 828 si
1252 781 1386 845 patris
1403 781 1517 828 filius
1539 782 1694 829 immo-

297 857 413 902 latur
428 878 439 915 3
458 855 715 917 parricidale
729 869 877 900 revera
889 891 900 912 ,
924 855 1006 900 nisi
1025 855 1123 900 ideo
1140 855 1337 901 Christus
1359 856 1526 901 occisus
1540 860 1625 912 est,
1642 863 1693 900 ut

297 938 407 973 essct
421 929 545 973 tertia
570 926 639 972 dic
656 927 866 972 victurus.
893 930 1007 972 Dum
1031 941 1133 986 crgo
1155 925 1412 972 immortalis
1425 927 1590 972 occisus
1604 934 1689 991 est,

295 999 406 1061 quid
427 999 497 1045 hic
514 1000 630 1044 Patri
652 998 896 1044 detractum
915 1008 995 1055 cst,
1020 998 1097 1060 qui
1112 998 1223 1043 Filio
1242 1014 1333 1044 non
1350 998 1486 1044 crevit
1501 997 1695 1043 oceiso¹P

298 1074 552 1116 Humanum
582 1086 739 1131 corpus
763 1070 984 1131 exposuit,
1009 1071 1241 1115 resurrexit
1267 1080 1318 1115 ut
1346 1073 1477 1116 Deus.
1509 1070 1694 1115 Novatio

297 1143 375 1186 ista
393 1179 403 1198 ,
429 1159 519 1187 non
536 1156 671 1201 poena
684 1151 769 1197 est,
795 1157 897 1186 cum
920 1141 1018 1186 talis
1035 1142 1234 1187 Christus
1258 1142 1313 1186 ab
1330 1139 1480 1186 inferis
1500 1148 1692 1196 remeat,

296 1214 371 1274 qui
396 1214 487 1274 jam
512 1229 601 1258 non
625 1213 758 1272 possit
778 1213 935 1257 occidi.
956 1211 1073 1256 Audi
1091 1213 1176 1257 hoe
1195 1221 1238 1256 et
1261 1211 1378 1256 disee
1395 1210 1503 1273 quid
1525 1210 1692 1268 feceris,

296 1286 412 1328 Gens
445 1283 672 1328 incredula
696 1283 979 1328 Judaeorum:
1010 1283 1056 1327 in
1086 1282 1199 1328 Filio
1224 1284 1325 1339 Dei,
1352 1283 1430 1345 qui
1452 1284 1578 1329 vivus
1601 1290 1692 1338 est,

295 1355 584 1402 homicidium
606 1355 877 1416 perdidisti2.
913 1357 1000 1401 vos
1032 1364 1204 1413 autem,
1230 1356 1469 1401 fidelissimi
1490 1353 1698 1402 Christia-

297 1428 368 1485 ni,
390 1445 500 1489 quos
523 1429 688 1473 Pascha
710 1444 802 1473 non
823 1426 951 1473 decet
985 1444 1204 1490 quaerere,
1241 1428 1317 1474 sed
1339 1429 1493 1475 timere
1508 1464 1520 1486 ‚
1549 1428 1698 1474 audite

297 1499 559 1558 mysterium
581 1498 886 1562 paschalisque
908 1499 1096 1544 nominis
1109 1499 1339 1545 rationem.
1362 1499 1578 1545 Hebraico
1599 1502 1699 1545 Pas-

297 1573 379 1616 cha
396 1572 558 1617 dicitur
575 1573 781 1618 transitus
795 1608 806 1628 ,
833 1588 975 1632 graeco
996 1588 1099 1618 vero
1123 1572 1302 1617 nomine
1324 1573 1466 1634 passio
1483 1572 1699 1634 interpre-

302 1652 431 1688 tatur.
457 1647 481 1688 J
486 1642 602 1688 udaei
618 1644 783 1688 Pascha
801 1642 945 1688 solum
961 1643 1195 1688 transitum
1209 1642 1379 1700 colunt,
1403 1660 1493 1705 quo
1515 1644 1698 1705 majores

299 1729 452 1759 eorum
476 1730 528 1758 ex
553 1717 749 1774 AEgypto
770 1713 941 1758 liberati
967 1730 1088 1759 mare
1110 1715 1192 1759 sul)
1214 1714 1402 1775 pedibus
1419 1724 1699 1775 corporatum

299 1785 421 1830 siccis
443 1784 491 1828 in
516 1784 724 1830 fluctibus
747 1785 1014 1830 transierunt
1044 1805 1052 1831 :
1078 1801 1157 1830 nos
1178 1801 1283 1831 vero
1308 1794 1353 1830 et
1374 1786 1608 1831 transitum
1625 1801 1701 1831 co-

300 1857 431 1902 limus
447 1892 458 1913 ,
479 1866 522 1901 et
541 1857 717 1902 Domini
739 1857 900 1902 Christi
924 1858 1185 1918 passionem.
1214 1859 1337 1903 Sicut
1354 1860 1471 1902 enim
1493 1858 1700 1903 transitus

299 1926 454 1989 populi
491 1926 679 1988 pedibus
710 1927 880 1973 sactus³
913 1928 1189 1988 captivorum
1221 1927 1465 1989 redemptio
1499 1927 1608 1985 fuit,
1640 1929 1699 1974 ita

299 1999 441 2059 passio
463 1999 623 2045 Christi
646 2009 711 2044 est
732 1999 978 2060 redemptio
997 2009 1294 2060 peccatorum.
1317 2003 1441 2045 Hanc
1458 2015 1560 2059 ergo
1582 1999 1701 2045 diem

301 2071 515 2115 Dominus
543 2069 648 2116 feeit
672 2086 762 2115 esse
789 2071 1028 2116 solemnem
1045 2106 1058 2128 ,
1094 2087 1184 2132 quo
1208 2071 1254 2116 in
1275 2073 1369 2133 ejus
1389 2072 1625 2129 honorem,
1650 2087 1701 2118 ac

301 2141 414 2186 votis
437 2144 461 2186 J
466 2141 601 2186 udaeis
623 2156 759 2200 agnus
782 2142 988 2186 innocens
1010 2151 1290 2187 mactaretur.

364 2215 422 2257 II.
454 2214 570 2258 Proh
594 2213 737 2258 nefas!
758 2215 851 2275 jam
872 2214 919 2258 in
935 2223 1112 2274 pectore
1130 2212 1341 2259 meditata
1359 2212 1610 2259 solemnitas
1627 2215 1702 2276 ju-

306 2282 511 2343 gulandi!
537 2283 643 2328 (lum
663 2285 757 2329 hacc
779 2284 1027 2330 annualiter
1049 2294 1283 2341 renovant,
1310 2284 1473 2330 Filium
1496 2285 1575 2330 Dei
1597 2300 1700 2347 per-

304 2364 440 2414 petuo
474 2353 659 2414 religiosi
697 2356 919 2401 carnifices
952 2354 1184 2412 occidunt,
1219 2365 1425 2419 recteque
1461 2355 1532 2401 hic
1558 2372 1603 2401 se
1634 2356 1700 2401 fe-

303 2426 410 2470 cisse
436 2427 713 2472 confirmant.
740 2429 957 2482 Quoniam
986 2444 1064 2490 per
1087 2429 1326 2490 Prophetas
1347 2429 1543 2476 Christus
1561 2445 1700 2489 agnus

354 2542 362 2558 ¹
380 2535 486 2567 Codex
505 2537 586 2568 male
604 2539 664 2583 (sui
679 2538 768 2569 Filio
791 2551 860 2570 non
884 2539 990 2570 crevit
1006 2539 1165 2571 occisum.
1187 2542 1281 2572 Forte
1298 2553 1366 2572 mm
1385 2541 1508 2572 caruit.
1531 2557 1573 2563 —
1592 2547 1605 2562 2
1621 2540 1700 2572 Vide

306 2592 407 2622 Serui.
429 2592 495 2623 sive
515 2595 658 2624 linai-rai.
681 2594 708 2624 in
730 2595 806 2625 l‘sal.
829 2605 946 2634 vaur,
967 2606 997 2626 n.
1024 2603 1060 2630 2;
1083 2594 1112 2626 iu
1132 2595 1212 2627 Psal.
1233 2607 1289 2628 cxx
1305 2621 1314 2638 ,
1332 2607 1363 2628 n.
1384 2596 1415 2628 6.
1437 2598 1542 2628 Tract.
1561 2596 1590 2628 in
1603 2598 1696 2628 Joan.

306 2659 363 2687 ιν,
388 2653 416 2678 ⁴¹!
440 2648 522 2680 alilu.
544 2667 584 2672 -«
611 2648 740 2682 'unuln‘
760 2652 956 2691 Ιιίιιιςῐίιυη,
1057 2659 1212 2684 tractum.
