1803 3276
345 289 442 331 316,
786 299 820 328 S.
859 298 1087 327 Arots‘rim
1120 299 1302 327 EPISCOPI

343 368 394 412 tis
417 366 661 422 hodiernae,
686 366 982 422 Dilectissiini,
1008 366 1253 428 plenissime
1276 381 1405 411 saerae
1433 365 1625 410 historiae
1641 364 1730 410 lec-

344 440 460 484 tione
488 438 715 495 didicistis,
756 455 836 484 nec
873 439 1008 484 latere
1045 456 1119 484 vos
1151 439 1319 499 potuit,
1357 453 1490 499 quem
1526 438 1571 481 in
1608 446 1730 482 tanto

339 527 485 555 rerum
514 520 730 569 gestarum
769 509 921 554 ordine
952 510 1202 571 exceperitis
1231 510 1454 565 auditum,
1497 525 1599 554 cum
1634 508 1730 568 glo-

339 584 492 627 riosam
522 592 686 642 septeni
704 585 948 639 Martyrum
967 592 1150 627 matrem
1168 581 1379 626 exultanti
1411 591 1455 626 ct
1485 597 1574 625 non
1598 580 1731 626 tacito

339 653 610 698 honoraretis
644 652 803 696 affectu
818 689 827 707 ,
850 653 894 696 in
916 653 1096 712 singulis
1118 651 1298 713 quidem
1317 652 1414 697 filiis
1435 669 1603 713 passam
1619 689 1630 708 ,
1656 652 1733 696 sed

339 726 381 768 in
414 724 618 769 omnibus
655 732 923 768 coronatam.
957 724 1198 769 Subsecuta
1221 733 1284 769 est
1306 725 1421 768 enim
1453 723 1570 768 felici
1594 724 1729 779 exitu,

333 812 443 856 quos
484 796 646 839 invicto
684 795 893 855 preemisit
929 795 1109 840 hortatu
1128 798 1157 839 ¹.
1195 797 1326 840 Beata
1361 795 1566 855 genitrix,
1604 795 1733 839 beata

334 868 582 928 progenies,
624 864 920 911 memorabilis
960 865 1307 927 praecedentium
1344 865 1574 912 fortitudo.
1621 868 1732 911 Nam

333 955 433 984 cum
465 939 511 982 in
533 937 608 983 illo
637 937 790 982 ordine
808 938 1042 983 mortium‘2
1056 973 1069 994 ‚
1097 948 1140 982 et
1161 938 1208 982 in
1233 937 1307 982 illa
1329 937 1613 998 dispositione
1630 953 1732 998 poe-

332 1027 486 1057 narum
501 1048 511 1066 ,
538 1010 584 1055 id
607 1010 825 1055 saevissimi
849 1010 958 1069 regis
982 1011 1264 1071 excogitasset
1279 1010 1478 1071 impietas
1495 1046 1505 1066 ,
1527 1019 1578 1054 ut
1598 1010 1734 1054 victo-

332 1084 440 1128 riam
466 1083 546 1128 sibi
579 1092 623 1127 et
650 1081 704 1126 de
726 1082 874 1142 primis
905 1082 1180 1142 promitteret
1196 1119 1206 1139 ,
1233 1098 1343 1143 quos
1372 1082 1465 1126 sine
1488 1079 1734 1126 tolerantiae

331 1155 544 1198 cruciaret
569 1152 790 1213 exemplo,
812 1162 855 1197 et
877 1153 932 1197 de
945 1154 1190 1213 postremis,
1206 1169 1316 1214 quos
1339 1153 1385 1197 in
1408 1152 1624 1213 supplicio
1651 1162 1734 1197 tor-

331 1234 487 1287 queret
505 1224 648 1269 alieno
681 1245 690 1269 z
725 1223 1029 1284 multiplicatae
1062 1233 1163 1268 sunt
1191 1227 1441 1282 Martyrum
1473 1223 1655 1284 palmae,
1693 1234 1737 1269 et

331 1296 437 1341 dum
467 1295 626 1356 singuli
659 1297 705 1339 in
731 1295 937 1340 omnibus
970 1295 1181 1350 vincunt,
1222 1304 1384 1356 praetcr
1415 1311 1598 1340 coronas
1630 1311 1737 1357 pro-

333 1369 446 1429 prias
462 1405 472 1423 ,
495 1383 645 1412 omnes
668 1367 935 1428 acquisivere
957 1376 1171 1427 septenas.

393 1444 451 1485 II.
491 1438 575 1485 Sed
607 1439 702 1483 haec
732 1438 788 1482 ad
820 1437 1121 1483 fructuosam3
1156 1438 1388 1483 recolenda
1423 1443 1527 1483 sun't
1564 1439 1738 1484 aurium

333 1511 623 1572 voluptatem.
663 1510 796 1554 Inssat
819 1510 1013 1566 scientia,
1035 1510 1116 1555 nisi
1133 1510 1321 1554 aedificet
1339 1510 1620 1556 obedientia:
1646 1525 1739 1569 gra-

331 1593 437 1628 vant
460 1583 633 1638 audita,
676 1582 758 1626 nisi
791 1582 1083 1642 suscipiantur
1104 1582 1332 1626 imitanda.
1369 1584 1458 1628 Nec
1495 1582 1612 1626 enim
1635 1581 1739 1642 quia

333 1655 514 1699 cessavit
531 1662 786 1714 persecutor
808 1662 851 1696 et
864 1662 1005 1697 tortor
1020 1689 1031 1709 ,
1054 1653 1159 1714 quia
1181 1668 1332 1697 omnes
1347 1655 1363 1678 4
1381 1654 1475 1714 jam
1503 1656 1596 1698 Deo
1619 1652 1737 1697 mili-

336 1736 432 1770 tant
455 1734 706 1786 potestates,
732 1723 893 1769 desunt
909 1724 1167 1769 Christianis
1181 1761 1192 1780 ,
1216 1740 1324 1785 quas
1346 1734 1555 1784 superent
1571 1724 1738 1785 passio-

334 1813 424 1842 ncs.
455 1817 475 1839 «
493 1795 598 1851 Fili,
620 1795 765 1856 inquit
780 1831 791 1851 ,
823 1793 1031 1839 accedens
1053 1794 1109 1840 ad
1131 1796 1386 1840 servitutem
1401 1796 1478 1840 Dei
1501 1805 1564 1840 sta
1586 1796 1738 1856 injus-

337 1887 356 1909 n
397 1869 487 1912 titia
522 1877 565 1912 et
600 1867 779 1922 timore,
807 1876 849 1910 et
870 1882 1067 1927 preepara
1092 1867 1283 1911 animam
1302 1876 1425 1910 tuam
1452 1865 1508 1911 ad
1526 1867 1737 1911 tentatio-

337 1959 357 1981 »
394 1956 493 1984 nem
512 1942 594 1998 (a).
620 1958 639 1979 n
663 1941 721 1983 Et
743 1938 979 1999 Apostolus
1003 1937 1134 1983 dicit:
1157 1939 1476 2000 «Quicumque
1502 1940 1547 1982 in
1565 1940 1738 1984 Christo

337 2031 357 2053 »
394 2012 463 2072 pie
480 2011 637 2055 volunt
654 2011 814 2066 vivere,
839 2011 1190 2071 persecutionem
1205 2011 1438 2072 patiuntur
1454 2020 1633 2071 propter
1643 2012 1738 2071 jus-

339 2103 358 2125 »
395 2084 533 2128 titiam
562 2081 643 2141 (b).
675 2101 694 2123 »
726 2083 813 2136 Qui
837 2097 940 2141 ergo
961 2091 1089 2143 putas
1112 2082 1328 2143 quievisse
1361 2082 1734 2143 persecutionem,

335 2166 378 2201 et
401 2154 574 2200 nullum
597 2170 698 2199 cum
719 2154 919 2199 hostibus
945 2170 1035 2199 esse
1055 2154 1336 2210 conflictum,
1363 2155 1569 2198 intimum
1594 2153 1737 2198 cordis

338 2227 399 2272 tui
417 2236 610 2271 scrutare
631 2236 845 2271 secretum
860 2262 870 2282 ,
897 2236 940 2271 et
958 2242 1108 2271 omnes
1135 2242 1328 2271 recessus
1345 2228 1359 2252 ⁵
1384 2227 1540 2270 animm
1563 2234 1651 2270 tuae
1669 2224 1738 2269 di-

335 2299 472 2357 ligens
494 2297 740 2358 explorator
762 2297 993 2358 ingredere
1019 2317 1029 2343 :
1054 2307 1098 2342 et
1118 2297 1219 2343 vide
1245 2298 1279 2342 si
1297 2296 1419 2342 nulla
1441 2306 1484 2342 te
1505 2297 1736 2358 impugnat

381 2419 427 2461 (a)
452 2419 562 2451 Eecle.
585 2430 619 2461 n,
649 2430 677 2450 1.
702 2435 745 2442 --
767 2418 811 2460 (b)
830 2428 850 2451 2
865 2418 945 2451 Tim.
965 2429 1013 2461 111,
1033 2428 1084 2451 12.

385 2508 392 2523 ¹
415 2501 492 2533 Cod.
509 2502 655 2533 Casanat.
671 2514 755 2548 quos
773 2501 921 2533 ηιιιηίιος
935 2501 1105 2544 praemisit
1117 2508 1255 2533 ornatu.
1276 2500 1322 2532 ld.
1345 2499 1445 2532 habet
1469 2499 1546 2533 cod.
1568 2499 1667 2532 narb.
1693 2516 1735 2522 —-

338 2566 350 2580 ⁷
375 2559 452 2589 Cod.
475 2559 621 2589 Casanat.
642 2559 872 2591 mot-[entium.
899 2576 942 2581 —
966 2557 979 2580 3
999 2558 1077 2590 Cod.
1104 2560 1252 2591 Casanat.
1283 2562 1316 2589 et
1347 2557 1444 2589 Barb.
1470 2555 1520 2589 acl
1540 2556 1735 2600 infructuo-

335 2626 420 2646 sam.
438 2632 478 2636 —-
497 2611 512 2642 4
536 2613 678 2645 Verbum
696 2626 811 2648 omnes
831 2616 923 2648 deest
938 2615 969 2647 in
992 2614 1149 2657 aliquibus
1166 2613 1401 2656 nmmnscriptis.
1424 2630 1465 2637 --
1480 2611 1495 2635 5
1511 2612 1594 2644 Edit.
1612 2611 1733 2655 priores

337 2682 496 2702 rvr-arene
509 2696 516 2706 ,
533 2682 716 2713 perperam.
1046 2673 1056 2681 ²
