1803 3276
352 204 429 244 1-12
771 217 804 242 s.
842 214 1068 243 Auctsrim
1102 214 1284 241 EPlscOP1

343 281 449 325 dnm
476 280 762 336 illuminavit,
789 278 1209 334 91(·0;(»191’111151“1111,
1236 287 1279 322 et
1296 286 1359 321 est
1383 278 1551 338 eritque
1573 293 1743 339 semper

343 368 445 397 eum
476 356 602 397 Patre
625 353 668 396 in
693 353 859 397 unitate
898 353 1082 411 Spiritus
1111 350 1271 407 saneti,
1294 363 1411 394 unus
1443 350 1489 393 in
1508 350 1740 406 Trinitate,

345 433 388 468 et
412 423 597 467 Trinitas
616 423 662 467 in
682 424 872 481 unitate,
897 423 986 482 ipse
1004 422 1183 484 quidem
1213 426 1321 465 Deus
1343 429 1386 464 91
1408 420 1541 465 1101110
1560 436 1637 481 per
1660 421 1742 465 mi-

345 496 525 541 rabilem
547 497 688 541 lucem
708 496 913 556 dignatus
929 505 996 541 est
1013 496 1151 543 clave¹
1173 494 1366 541 veritatis
1388 509 1477 539 suae
1495 494 1628 539 corda
1644 503 1745 539 tan-

345 584 459 626 gere,
492 578 545 613 ut
570 567 692 628 quod
723 577 813 612 erat
848 566 1085 612 obscurum
1114 566 1404 621 illuminaret,
1435 574 1479 610 et
1508 564 1630 627 quod
1653 575 1745 611 erat

345 638 542 683 clausum
572 638 758 698 aperiret
777 659 786 693 3
809 637 880 682 ille
903 643 1013 683 Deus
1034 638 1112 698 qui
1129 637 1185 682 ab
1202 635 1744 697 Angeloimpregnabatur

344 712 504 764 xerbo,
527 710 614 769 ipse
642 709 696 752 ab
720 709 889 768 Angelo
907 709 1037 755 hodie
1060 709 1397 754 resuscitabatur
1425 708 1481 752 de
1521 707 1740 768 sepulcro,

344 781 466 841 quasi
489 780 621 840 possit
642 780 681 824 ei
694 779 862 840 aliquid
885 781 1035 825 obesse
1058 781 1297 839 signatura,
1324 780 1397 825 cui
1420 778 1542 825 nulla
1560 779 1647 824 fuit
1665 779 1750 825 im-

344 861 537 912 postura.
552 856 714 895 Dantur
726 851 943 906 custodes,
956 850 1362 912 quieustodiebant.
1378 853 1534 897 Nonne
1539 851 1631 912 jam
1646 849 1751 895 scie-

346 933 443 968 rant
484 922 611 967 illum
646 922 854 968 miracula
891 923 1034 969 facere
1049 959 1060 979 ,
1085 922 1307 968 daemones
1337 923 1518 983 ejicere,
1554 921 1749 983 leprosos

347 994 583 1049 mundare,
605 1004 799 1039 mortuos
822 995 1138 1040 suscitarCPAn
1161 994 1237 1055 qui
1261 1002 1434 1054 poterat
1451 992 1637 1040 aliorum
1651 1008 1750 1040 cor-r

346 1082 451 1126 pora
472 1066 678 1111 suscitare
691 1102 701 1121 ,
723 1083 766 1111 se
780 1066 923 1127 ipsum
945 1083 1036 1112 non
1054 1075 1226 1127 poterat
1246 1066 1302 1110 de
1323 1064 1497 1110 tumulo
1515 1064 1752 1109 exhibere?

406 1152 462 1192 ΙΙ.
507 1149 593 1193 Sed
608 1150 698 1209 jam
727 1148 859 1193 corda
881 1165 1018 1205 cfeea,
1051 1150 1075 1193 J
1080 1147 1308 1193 udaeorum
1330 1148 1483 1203 turba,
1509 1146 1587 1208 qui
1609 1145 1752 1206 legem

347 1219 572 1263 habebant
601 1228 644 1262 et
676 1235 766 1264 non
794 1218 1126 1278 intelligebant,
1152 1218 1375 1264 Psalmum
1398 1218 1576 1263 tertium
1598 1226 1751 1262 canta-

351 1290 476 1345 bant,
497 1289 573 1334 sed
595 1305 736 1334 unum
750 1290 796 1334 in
815 1290 1023 1335 Trinitate
1039 1296 1175 1335 Deum
1195 1306 1288 1336 non
1304 1289 1614 1349 agnoscebant.
1631 1287 1753 1334 Psal-

347 1377 446 1407 mus
487 1361 606 1406 enim
634 1362 787 1407 tertius
818 1362 1006 1408 habet¹z
1051 1383 1072 1406 «
1103 1365 1196 1422 Ego
1230 1362 1421 1408 dormivi
1462 1371 1506 1407 et
1549 1375 1752 1407 somnum

351 1452 372 1476 n
407 1433 520 1494 cepi,
541 1443 585 1479 et
598 1434 827 1490 resurrexi,
854 1433 1064 1495 quoniam
1078 1440 1188 1479 Deus
1201 1433 1390 1494 suscepit
1406 1437 1565 1490 me(a).
1594 1450 1615 1474 1)
1640 1437 1752 1477 Dum

345 1515 451 1551 sunt
472 1506 645 1561 intenti,
667 1507 806 1567 parati
828 1506 883 1550 ad
900 1504 1205 1551 confusionem
1221 1504 1556 1567 Discipulorum,
1583 1519 1753 1550 merueq

350 1586 454 1622 runt
482 1577 678 1622 invenire
715 1576 1018 1639 confusionem
1056 1578 1302 1622 animarum
1355 1592 1549 1622 suarum.
1594 1575 1754 1621 Dicunt

343 1649 459 1693 enim
482 1648 631 1694 Pilato
657 1665 666 1690 :
703 1669 722 1691 «
762 1649 990 1709 Signemus
1022 1647 1290 1709 sepulcrum,
1317 1649 1419 1710 quia
1452 1646 1657 1693 seductor
1681 1645 1751 1692 ille

345 1739 367 1763 ³)
402 1721 515 1765 dixit
531 1736 582 1766 90
605 1720 727 1783 quod
749 1722 872 1766 tertia
897 1721 968 1766 die
988 1730 1243 1781 resurgeret.
1261 1725 1503 1776 Ponantur,
1523 1720 1749 1780 inquiunt,

352 1811 372 1833 »
404 1792 577 1848 milites,
603 1808 658 1837 ne
673 1793 852 1838 veniant
870 1793 1075 1854 Discipuli
1091 1795 1183 1854 ejus
1206 1802 1251 1838 et
1272 1793 1476 1838 furentur
1488 1803 1591 1836 eum
1624 1789 1703 1849 (b).
1727 1809 1748 1832 »

349 1864 393 1909 Si
416 1862 587 1909 clausus
605 1873 697 1909 erat
718 1865 915 1910 tumulus
935 1864 1185 1926 Discipulis,
1210 1864 1431 1927 numquid
1444 1863 1591 1910 claudi
1606 1862 1753 1926 potuit

343 1935 502 1979 sanctis
526 1934 737 1995 Angelis?
759 1939 829 1980 An
847 1934 960 1981 forte
977 1952 1068 1981 non
1084 1945 1256 1997 poterat
1281 1937 1337 1980 de
1360 1936 1530 1996 signato
1552 1935 1752 1996 sepulcro

343 2021 584 2064 resurgere,
611 2007 688 2068 qui
712 2007 857 2067 potuit
875 2006 929 2052 de
962 2007 1144 2066 Virgine
1167 2007 1334 2066 signata
1362 2006 1629 2068 procedere?
1655 2007 1752 2066 Sig-

342 2085 444 2120 nata
470 2075 556 2121 fuit
589 2078 722 2137 Virgo
752 2087 921 2134 vestra,
956 2077 1122 2136 signata
1157 2087 1222 2124 est
1254 2087 1298 2123 et
1330 2076 1555 2139 sepultura
1590 2086 1747 2123 vestra.

342 2147 577 2192 Generavit
607 2147 702 2192 sine
723 2148 819 2193 viro
850 2149 982 2207 Virgo
1003 2157 1169 2204 vestra,
1205 2158 1249 2193 et
1271 2149 1317 2193 in
1338 2163 1453 2194 vano
1479 2146 1595 2193 faeta
1622 2148 1753 2193 estin

342 2217 544 2278 sepulcro
578 2219 803 2278 signatura
839 2228 996 2264 vestra.
1041 2225 1152 2263 Dum
1171 2219 1291 2264 enim
1312 2218 1472 2264 adsunt
1502 2219 1572 2264 isti
1602 2228 1751 2264 custo-

340 2287 431 2345 des,
458 2305 547 2334 non
555 2291 654 2351 jam
675 2291 894 2354 custodes,
919 2289 996 2335 sed
1012 2299 1156 2336 testes.
1193 2289 1261 2335 Illi
1282 2300 1487 2351 poterant
1508 2291 1746 2347 custodire,

341 2360 417 2405 sed
434 2366 544 2407 Deus
559 2362 738 2408 miserat
749 2362 983 2423 Angelum,
1002 2362 1164 2408 Filium
1180 2378 1308 2409 suum
1322 2363 1590 2410 resuscitare.
1606 2366 1751 2424 Ange·

388 2469 433 2510 (a)
456 2470 535 2502 Psal.
555 2482 606 2514 ni,
626 2471 659 2504 6.
683 2489 725 2496 --
750 2472 793 2515 (b)
811 2473 928 2506 Maith.
950 2483 1063 2515 xxvn,
1082 2471 1146 2516 63,
1166 2471 1222 2516 64.

391 2542 398 2558 ¹
422 2538 498 2569 Cod.
520 2538 602 2571 male
620 2539 716 2573 clar-e.
734 2558 775 2563 —
795 2548 808 2564 2
823 2541 902 2574 Vide
920 2541 1106 2576 Sermonem
1125 2552 1208 2584 cccxl,
1226 2552 1258 2575 n.
1279 2540 1297 2576 3
1308 2565 1318 2584 ,
1334 2542 1440 2577 'ri-act.
1459 2550 1543 2579 xlm!
1555 2565 1565 2586 ‚
1598 2540 1629 2575 11]
1644 2542 1735 2575 JOffll·

342 2597 369 2625 et
392 2595 566 2636 pra-sertim
585 2596 625 2630 de
643 2597 778 2632 Civitate
795 2599 871 2642 Dei,
889 2598 944 2634 lib.
961 2610 1036 2643 xvii,
1056 2610 1129 2643 cap.
1152 2599 1205 2633 18.
