1803 3276
165 213 304 244 samito
322 216 446 244 Lxm.
474 217 519 244 IN
536 214 832 245 soLEMM‘rATE
845 215 898 245 ss.
921 217 1211 248 MAanBffionu
1221 223 1253 247 M
1272 222 1336 247 111.
1374 211 1458 248 317

78 278 309 327 adversitas
327 318 337 338 ,
379 283 413 327 si
446 281 596 327 nullus
624 293 835 341 tyrannus
864 282 962 328 vult
990 283 1035 327 in
1063 286 1219 330 mentis
1249 297 1333 331 tuae
1366 304 1462 332 arce

76 350 314 413 dominari,
337 354 428 400 noli
450 370 552 400 cum
569 355 746 399 avaritia
764 371 914 415 pacem
934 355 1106 399 firmare
1119 393 1129 411 ,
1150 367 1192 401 et
1213 357 1463 418 iniquorum

75 433 325 483 quaestuum
353 425 622 470 incrementa
644 435 890 470 contemne.
935 426 1159 486 Superbiae
1186 429 1463 473 concordiam

74 499 201 554 nega,
219 506 263 541 et
281 497 418 556 magis
432 497 537 541 time
553 496 599 540 in
621 495 802 555 gloriam
819 496 976 556 suscipi
993 513 1126 557 quam
1148 498 1191 541 in
1213 499 1463 543 humilitate

75 564 246 612 calcari.
284 568 523 613 Dissociare
545 569 600 612 ab
619 568 679 613 ira
695 570 708 594 ¹
725 604 736 624 ,
765 584 846 613 nec
870 567 1066 613 dolorem
1084 569 1327 615 inflammet
1350 571 1464 615 invi-

75 635 158 682 diae
174 638 335 699 cupido
356 640 591 698 vindictae,
615 640 817 685 renuntia
841 640 1071 700 voluptati,
1093 650 1286 686 avertere
1303 642 1358 686 ab
1380 642 1464 685 im-

73 710 315 767 munditia,
349 711 464 772 pelle
492 711 734 768 luxuriam,
775 710 879 771 fuge
909 711 1206 773 iniquitatem,
1242 712 1411 757 abstine
1442 730 1465 757 a

72 778 287 826 falsitate²
314 802 323 827 :
348 792 392 827 et
408 799 510 827 cum
527 783 685 828 videris
697 793 741 827 te
762 782 1049 843 multiplicem
1074 783 1236 828 habere
1254 799 1461 844 pugnam,

73 859 124 895 tu
143 868 323 914 quoque
342 853 535 899 imitator
551 857 797 913 Martyrum
812 890 823 910 ,
849 870 1125 899 numerosam
1152 871 1299 916 quaere
1325 855 1464 900 victO«

73 923 197 968 riam.
231 926 375 971 Toties
407 927 523 971 enim
554 927 741 987 peccatis
774 926 1037 983 moriemur,
1064 928 1232 988 quoties
1264 929 1309 972 in
1337 927 1463 972 nobis

72 1005 251 1055 peecata
284 998 535 1043 moriuntur
561 1017 571 1043 :
602 1018 623 1041 «
655 1001 712 1042 Et
738 998 927 1058 pretiosa
960 999 1006 1042 in
1028 1008 1267 1059 conspeetu
1290 998 1463 1043 Domini

77 1086 98 1110 »
133 1070 264 1115 etiam
280 1071 360 1116 ista
375 1087 490 1116 mors
510 1074 770 1116 Sanctorum
788 1072 878 1131 ejus
896 1073 981 1130 (a),
998 1090 1018 1111 »
1046 1071 1123 1115 ubi
1143 1071 1276 1115 homo
1299 1069 1463 1115 oceidi-

79 1149 147 1185 tur
163 1141 330 1187 mundo
345 1178 355 1198 ,
377 1158 466 1187 non
484 1142 665 1186 interitu
686 1157 894 1186 sensuum
908 1144 940 1197 3,
962 1141 1036 1186 sed
1055 1142 1142 1185 fine
1162 1142 1386 1186 vitiorum.

130 1215 213 1256 ΙΙΙ.
237 1213 280 1258 Si
302 1229 422 1273 ergo,
448 1211 713 1269 Charissimi,
739 1228 829 1257 non
856 1233 876 1255 «
901 1212 1066 1257 Ducitis
1088 1228 1189 1256 eum
1211 1211 1462 1256 infidelibus

73 1301 93 1324 »
124 1283 372 1344 jugum(b)‚
387 1303 406 1325 >›
420 1285 454 1329 si
476 1293 726 1345 peccatores
750 1299 839 1328 esse
861 1283 1078 1339 desistitis,
1105 1293 1148 1328 et
1169 1282 1299 1327 nullis
1317 1299 1466 1327 earna-

69 1352 176 1398 lium
198 1354 492 1414 cupiditatum
514 1354 829 1400 tentationibus
861 1352 1012 1398 ceditis
1028 1354 1060 1409 4,
1086 1353 1325 1398 solemnem
1349 1354 1462 1397 hanc

70 1423 186 1469 diem
208 1425 401 1486 legitime
415 1429 429 1452 5
449 1426 674 1471 celebratis
693 1446 701 1471 z
722 1436 765 1471 et
787 1442 877 1470 non
895 1425 1037 1470 solum
1058 1428 1272 1483 Martyres
1291 1441 1338 1469 ac
1351 1428 1464 1469 Mar-

71 1506 218 1554 tyrum
235 1507 437 1554 matrem,
456 1498 532 1544 sed
552 1499 683 1542 etiam
704 1497 841 1542 illius6
853 1498 1126 1554 memoriam,
1137 1499 1255 1557 justo
1278 1498 1460 1551 honore,

69 1570 358 1627 veneramini,
379 1571 456 1632 qui
474 1571 560 1616 hoc
583 1570 653 1615 die
675 1570 903 1631 antiquam
926 1569 1203 1615 festivitatem
1226 1559 1356 1631 hujus
1378 1569 1464 1614 loci

70 1643 392 1688 consecratione
431 1643 668 1703 geminavit
710 1663 719 1688 z
755 1642 1013 1702 magnificus
1051 1641 1230 1704 quidem
1274 1651 1463 1687 structor

69 1712 306 1772 parietum,
332 1713 408 1759 sed
429 1714 778 1773 magnificentior
796 1712 1034 1758 [edificator
1056 1713 1300 1757 animarum
1315 1749 1325 1768 ,
1347 1711 1464 1756 ultra

68 1784 151 1829 aevi
163 1785 230 1829 sui
248 1786 454 1831 terminos
477 1802 608 1846 opera
620 1785 794 1846 pietatis
818 1784 1055 1829 extendens
1071 1821 1081 1840 ,
1109 1794 1157 1828 ut
1180 1784 1464 1828 utilitatibus⁷

69 1855 395 1902 institutionum
417 1859 509 1919 ejus
531 1858 661 1902 etiam
683 1858 729 1901 in
745 1857 839 1917 ipso
860 1855 1080 1900 frueretur
1102 1856 1257 1900 devota
1275 1856 1461 1916 posteri-

69 1936 160 1985 tas,
190 1938 233 1975 et
252 1929 494 1976 habitando
531 1929 655 1991 quod
676 1928 899 1985 condidit,
936 1938 979 1973 et
1010 1926 1211 1973 faciendo
1233 1927 1355 1988 quod
1382 1928 1462 1973 do-

70 2010 175 2045 cult.

114 2111 160 2152 (a)
180 2110 258 2144 Psal.
277 2122 351 2154 cxv,
374 2110 427 2144 15.
447 2128 487 2134 -
507 2111 550 2152 (b)
572 2120 591 2144 2
605 2113 677 2143 Cor.
700 2122 750 2153 νῐ,
771 2110 825 2154 14.

116 2186 125 2202 ¹
147 2180 223 2212 Cod.
250 2179 345 2212 Barb.
361 2178 513 2213 dissocia
529 2188 560 2212 te
580 2179 621 2211 ab
640 2180 706 2211 ira.
726 2196 769 2202 -
792 2186 805 2201 2
825 2179 908 2211 Edit.
929 2179 1051 2222 priores
1069 2179 1185 2211 omitte
1201 2178 1399 2222 sulsitatem
1420 2195 1458 2201 —-

72 2234 175 2269 31bid.
190 2249 257 2269 non
277 2237 514 2270 terminatione
531 2249 703 2270 sensuum.
714 2235 775 2266 —4
792 2236 877 2269 Alias
897 2235 1048 2268 crediu's.
1061 2233 1126 2258 —5
1144 2236 1279 2268 Additur
1288 2246 1327 2267 ex
1341 2235 1459 2278 proba-

68 2292 109 2324 tis
123 2292 304 2325 Codicibus.
318 2291 385 2316 -6
398 2296 433 2325 In
446 2294 594 2337 opinione
608 2292 767 2333 Quesnelli
782 2298 815 2325 et
828 2293 959 2324 aliorum
975 2292 1028 2334 qui
1043 2291 1126 2323 hunc
1151 2303 1329 2323 sermonem
1348 2296 1460 2322 sancto

71 2349 169 2381 Leoni
195 2348 360 2391 tribuunt,
383 2349 536 2392 agebatur
559 2350 614 2383 lu'c
638 2350 680 2382 de
704 2350 793 2382 Sixto
812 2351 877 2389 1113
911 2358 985 2379 cuin
1003 2352 1111 2379 autem
1128 2352 1253 2380 eertum
1271 2347 1311 2378 sit
1325 2350 1457 2379 Sermo-

72 2416 146 2437 nem
161 2404 246 2438 hunc
263 2416 325 2437 non
338 2412 448 2438 sancto
471 2406 590 2448 Leoni,
608 2406 665 2438 see]
682 2405 778 2438 beato
798 2404 972 2447 Augustino
989 2414 1058 2436 esse
1077 2403 1296 2442 tribuendum,
1320 2413 1458 2434 evanes-

72 2462 116 2493 cit
143 2470 271 2504 prorsus
302 2461 356 2494 ina
386 2462 564 2504 sententia,
582 2467 618 2495 et
640 2461 837 2494 credendum
861 2466 968 2492 manet
989 2460 1041 2492 hic
1058 2465 1219 2492 oratorem
1254 2463 1394 2491 tractare
1417 2459 1458 2490 de

72 2517 212 2559 quodam
228 2528 285 2550 suo
301 2517 558 2561 praedecessore,
578 2517 726 2552 ecclesiae
749 2523 931 2550 sanctorum
948 2515 1197 2549 Machabaeorum
1222 2514 1403 2547 fundatore.
1421 2530 1462 2537 -

76 2579 90 2606 7
102 2573 180 2607 eod.
197 2573 293 2606 Barb.
314 2573 472 2607 utilitate.
