1803 3276
367 287 507 318 5ΕῆΜο
541 290 694 318 xxxix.
733 294 776 317 lN
812 289 1020 319 mommo&
1055 295 1101 318 ii.
1139 291 1319 320 Priscum.
1446 284 1530 321 2⁴23

139 352 257 410 bitis,
281 353 359 416 qui
385 354 529 400 adhuc
570 355 763 399 viventes
795 356 1037 401 viventium
1065 355 1210 400 lucem
1244 355 1530 417 prodidistis?

140 426 311 470 Interea
333 425 555 470 Christum
578 426 816 486 hospitem,
838 427 945 471 dum
968 426 1111 472 Judaei
1133 426 1371 487 expellunt,
1397 429 1533 473 susci-

139 495 271 555 piunt
291 494 446 552 inferi,
478 495 555 539 ubi
583 496 704 556 impii
738 496 939 542 custodes
962 506 1004 541 et
1019 498 1228 559 janitores
1252 499 1420 559 antiqui
1453 499 1534 544 ad—

136 575 274 610 ventu
298 581 414 612 novo
439 566 603 611 turbati
628 566 675 611 in
703 566 797 627 ipso
817 566 927 613 lucis
955 567 1168 628 ingressu.
1211 568 1295 622 Qui
1317 569 1534 628 praeibant

138 646 239 682 ante
259 638 503 683 Dominum
524 639 751 700 repentino
774 648 937 684 terrore
960 640 1185 699 concussi3
1210 638 1358 685 nullus
1382 656 1534 685 eorum

141 707 402 766 custodiam,
428 725 561 771 quam
582 709 776 767 tenebat,
802 711 994 770 agnovit.
1010 711 1077 757 Sic
1094 712 1210 756 enim
1231 713 1430 773 majestas
1450 716 1535 757 Do-

137 778 246 824 mini
280 780 444 826 Christi
476 780 802 827 circumamicta
822 781 922 827 luce
949 781 1121 842 ingredi
1148 781 1313 839 voluit,
1338 792 1388 827 ut
1408 791 1534 827 tene-

136 849 254 895 brosi
284 849 486 896 custodes
515 849 571 896 de
608 852 696 897 suis
733 852 1046 898 obscurissimis
1080 853 1214 898 antris
1247 852 1502 914 aspicientes
1519 889 1530 910 ,

133 920 323 984 qualiter
354 922 604 969 venientem
640 921 870 984 fugerent,
919 924 1198 985 inquirerent
1214 924 1246 967 1.
1297 923 1385 969 Sed
1425 923 1533 969 dum

134 993 377 1040 terribilem
397 994 640 1042 claritatem
657 994 804 1058 aliqua
821 1011 872 1040 ex
888 1004 1012 1056 parte
1030 994 1213 1041 evadere
1227 1011 1318 1040 non
1339 1005 1533 1056 possent,

130 1071 252 1111 retro
271 1075 371 1126 post
393 1074 515 1127 terga
530 1076 790 1123 remeantes,
814 1066 1022 1112 interiora
1043 1066 1191 1128 potius
1212 1065 1373 1111 inferni
1395 1082 1534 1128 pene-

135 1135 313 1182 trabant
330 1136 525 1197 fugaces,
537 1147 604 1194 ut,
616 1137 752 1183 altero
766 1136 953 1183 alterum
961 1136 1535 1198 001npellente²,densaren-

133 1216 208 1254 tur
233 1208 281 1253 in
317 1209 468 1266 antris,
503 1218 548 1254 et
577 1211 655 1271 qui
682 1211 941 1256 miserorum
974 1210 1139 1256 animas
1184 1210 1376 1270 angustis
1407 1210 1533 1256 locis³

135 1280 421 1326 coarctabant
442 1280 664 1338 detrusas,
685 1281 800 1343 ipsos
823 1281 879 1326 de
892 1281 989 1326 imis
1011 1281 1293 1327 interioribus
1310 1281 1534 1342 expellen-

135 1360 215 1409 tes,
241 1368 285 1397 se
307 1353 452 1414 potius
470 1353 516 1398 in
533 1369 686 1398 eorum
705 1354 912 1414 voragine
950 1354 1233 1400 occultandos
1257 1354 1530 1415 premebant.

136 1426 233 1470 Hoc
255 1425 374 1470 enim
403 1426 646 1471 mirabilius
670 1427 880 1487 potentiae
903 1426 1064 1472 Christi
1096 1424 1404 1470 ascribendum
1436 1435 1499 1472 est
1519 1461 1530 1482 ,

135 1504 187 1540 ut
217 1505 408 1557 potestas
450 1497 564 1543 male
606 1498 931 1544 dominantium
963 1497 1204 1559 captivitati
1237 1497 1414 1542 daretur
1434 1532 1446 1554 ,
1491 1506 1536 1543 et

136 1567 348 1614 diuturno
371 1569 642 1632 antiquitatis
660 1571 768 1615 fletu
791 1580 973 1616 caecatos
997 1570 1052 1615 ad
1078 1569 1224 1615 lucem
1248 1585 1338 1614 suae
1367 1569 1529 1614 libera-

135 1639 253 1685 tricis
269 1641 417 1699 gratiae
450 1641 660 1687 relaxaret
688 1641 866 1688 liberos.
901 1646 999 1703 Ipso
1021 1644 1123 1704 jam·
1141 1641 1330 1687 Domino
1358 1640 1535 1687 Christo

135 1721 366 1773 praesente,
385 1714 527 1758 omnis
548 1713 623 1759 illa
644 1712 820 1759 officina
840 1714 1128 1759 cruciamenti
1150 1713 1356 1759 cessavit:
1379 1710 1534 1757 indul-

136 1783 328 1843 gentiam
347 1799 451 1829 cum
471 1783 751 1842 liberatione,
772 1785 935 1848 quibus
955 1786 1047 1847 ipse
1066 1785 1223 1842 voluit,
1249 1783 1531 1841 condonavit,

136 1863 182 1900 et
220 1855 277 1900 ad
304 1855 604 1902 testimonium
641 1873 732 1902 suae
749 1855 1125 1913 Resurrectionis,
1160 1855 1263 1918 quia
1297 1855 1352 1900 de
1384 1854 1535 1901 inferis

78 1939 82 1941 ’
136 1941 356 1986 regressus
382 1936 467 1984 est,
484 1929 729 1974 multorum
745 1945 928 1990 corpora
949 1928 1264 1974 dormientium
1275 1926 1534 1973 resuscitans

134 1995 281 2061 palam
298 1990 476 2058 publice
497 2000 829 2046 demonstravit.

195 2070 273 2113 VI.
291 2070 686 2131 Resurrexitigitur
701 2071 900 2117 Christus
920 2070 1052 2116 hodie
1073 2086 1175 2117 cum
1196 2070 1421 2131 triumpho
1441 2069 1534 2114 vic-

123 2139 274 2197 toriae,
285 2140 364 2203 qui
381 2141 614 2202 antiquum
634 2151 897 2204 serpentem,
921 2142 1107 2187 humani
1130 2142 1298 2202 generis
1321 2141 1532 2201 decepto-

136 2227 244 2275 rem,
265 2217 309 2257 et
326 2213 373 2258 in
393 2213 575 2260 saeculo4
597 2215 833 2276 superavit,
846 2224 890 2260 et
912 2213 1059 2259 inferis
1081 2214 1329 2275 captivavit.
1346 2217 1529 2274 Propte-

134 2298 208 2328 rea
216 2293 259 2328 et
269 2300 369 2341 nos,
386 2288 559 2331 Fratres
574 2287 836 2343 charissimi,
854 2287 899 2331 in
914 2286 997 2331 hac
1016 2286 1300 2331 sacratissima
1322 2283 1531 2329 solemni-

125 2363 226 2400 -tate
247 2358 592 2403 Resurrectionis
619 2359 794 2404 Domini
816 2367 859 2403 et
881 2356 1111 2403 Savaltoris
1141 2356 1294 2412 nostri,
1319 2353 1532 2416 spiritu-ali

136 2425 302 2486 gaudio
323 2427 570 2477 exultemus
587 2465 599 2488 ,
620 2438 673 2476 ut
714 2445 817 2476 cum
859 2429 954 2491 ipso
998 2428 1047 2473 in
1089 2437 1252 2474 aeterna
1277 2419 1366 2474 vita
1386 2427 1532 2474 vivere

136 2503 398 2546 mereamur.

185 2624 195 2642 ¹
217 2618 295 2653 Cod.
316 2618 399 2654 male
425 2620 655 2667 Inquit-ebant
669 2633 727 2665 pro
740 2622 1012 2669 inquirerent.—
1030 2628 1042 2645 ²
1062 2620 1108 2654 ld.
1128 2620 1374 2654 alteralterum
1388 2618 1533 2662 compel-

144 2673 256 2708 lendo·
275 2691 318 2699 ·-·
336 2673 351 2699 3
377 2676 426 2711 ld.
445 2677 561 2711 ccecis.
580 2693 623 2701 -·
636 2674 652 2707 4
667 2677 714 2712 Id.
735 2678 772 2712 in
791 2678 964 2711 scer-ulum.
