1803 3276
443 299 585 330 sanato
610 300 757 330 -xxxm
793 300 851 328 nn
879 297 1036 329 Passim
1068 299 1149 327 ΧΠ.
1404 289 1489 330 187

102 370 146 417 Si
166 383 271 429 ergo
297 368 363 414 sol
388 368 603 414 transiens
630 381 709 427 per
732 364 904 412 sordida
925 363 1021 410 loca
1037 398 1051 420 ‚
1073 363 1242 411 nullam
1262 366 1393 411 sentit
1419 367 1492 413 vel

99 440 265 502 patitur
300 438 611 486 contumeliam
627 472 640 494 ‚
687 436 913 499 quomodo
942 445 995 481 tu
1021 440 1111 480 Deo
1136 437 1380 482 transeunti
1413 430 1492 497 per

100 512 324 572 Virginem
341 520 502 556 castam
518 545 532 566 ⁷
546 508 707 555 factam
719 507 826 554 dicis
843 523 933 553 esse
950 507 1182 568 injuriam?
1203 507 1397 568 Accipite
1409 508 1493 553 ita-

99 598 187 645 que
215 582 270 627 de
300 583 394 643 ipso
425 581 514 627 sole
547 581 691 626 adhuc
722 579 853 625 aliam
882 577 1084 624 formam.
1131 582 1280 623 Potest
1307 579 1401 622 fieri
1441 588 1494 624 ut

99 652 336 715 aliquando
358 653 505 715 aliqua
529 653 681 709 arbor,
709 652 877 697 habens
907 651 955 696 in
983 666 1028 696 se
1056 650 1336 711 splendorem
1358 650 1459 696 solis
1477 686 1488 707 ‚

98 725 234 787 possit
256 724 405 770 incidi.
441 727 555 770 Cum
578 739 681 784 ergo
702 723 925 779 inciditur,
950 739 1041 768 non
1062 722 1204 779 vides,
1229 722 1333 783 quia
1353 722 1494 767 ictum

99 796 292 842 {erientis
314 795 418 841 ferri
433 797 601 857 primus
622 795 830 856 splendor
846 795 945 840 solis
958 795 1130 855 excipit,
1150 794 1271 855 prius
1284 808 1419 855 quam
1438 792 1494 838 ad

98 868 270 928 lignum
286 869 535 929 pervenerit
550 903 569 925 ,ι
582 878 628 914 et
643 884 746 914 cum
766 867 973 928 splendor
994 867 1054 911 ibi
1080 867 1135 911 sit
1149 901 1160 921 ,
1182 865 1387 926 splendor
1403 866 1494 925 ipse

98 955 180 986 nec
207 949 354 1001 potest
374 940 535 996 incidi,
556 956 638 985 nec
660 938 898 1001 aliquando
918 938 1081 999 poterit
1094 936 1261 982 violari.
1286 935 1404 981 Illud
1424 945 1493 981 ta-

98 1026 203 1056 men
232 1010 403 1070 lignum
434 1011 684 1072 subiectum
720 1019 784 1055 est
808 1009 1032 1064 incisioni,
1067 1007 1189 1070 quod
1211 1007 1258 1051 in
1288 1007 1495 1067 praesenti

98 1081 273 1127 videtur
291 1081 442 1126 incidi.
469 1085 535 1126 Ita
563 1086 608 1126 et
634 1081 832 1127 Christus
864 1089 908 1125 et
934 1079 1060 1139 ligari
1089 1078 1255 1139 potuit,
1282 1087 1326 1122 et
1355 1077 1495 1122 teneri

98 1153 271 1213 potuit,
311 1161 357 1197 et
386 1152 580 1212 crucifigi
607 1153 781 1213 potuit,
815 1160 859 1196 et
881 1151 1048 1208 occidi3
1074 1149 1290 1195 tamenin
1321 1148 1494 1195 Christo

101 1224 306 1270 divinitas
323 1225 498 1270 Deitatis
517 1224 769 1269 nullatenus
790 1223 936 1285 potuit
956 1222 1114 1268 vitiari.

160 1299 237 1342 IV.
274 1296 410 1341 Testis
435 1306 500 1341 est
529 1296 693 1342 Pilatus
708 1331 719 1353 ‚
745 1296 823 1357 qui
845 1294 956 1340 sedit
977 1310 1057 1355 pro
1078 1291 1314 1348 tribunali,
1330 1301 1376 1336 et
1396 1291 1495 1337 lotis

99 1368 304 1413 manibus
322 1367 411 1413 ait:
446 1367 682 1413 «Mundus
713 1383 810 1412 sum
831 1383 913 1427 ego
946 1383 971 1412 a
996 1367 1205 1425 sanguine
1236 1365 1395 1425 hujus,
1418 1378 1496 1408 vos

104 1458 126 1482 »
161 1439 356 1486 videritis
380 1444 472 1497 (ζὼς
499 1457 520 1481 ))
549 1448 699 1484 tamen
721 1438 886 1484 Judaeis
909 1437 1199 1483 clamantibus
1221 1456 1229 1482 :
1260 1455 1281 1479 (ι
1311 1435 1497 1480 Crucifi-

104 1529 125 1554 »
161 1520 288 1570 gatur
308 1509 391 1568 (b),
415 1528 436 1552 »
470 1510 651 1569 flagellis
673 1526 832 1555 caesum
858 1509 1039 1555 tradidit
1068 1508 1431 1568 crucifigendum.
1458 1508 1496 1551 Ο

94 1581 312 1644 judicium
328 1596 582 1642 perversum
600 1581 609 1625 Ι
634 1580 764 1627 Sedet
780 1597 896 1637 reus,
921 1589 965 1626 et
979 1589 1063 1625 stat
1084 1586 1195 1625 Deus
1212 1580 1361 1641 :jubet
1382 1577 1497 1623 Pila-

100 1663 193 1710 tus,
225 1662 270 1698 et
302 1653 573 1712 crucifigitur
599 1652 813 1698 Christus.
849 1654 887 1697 Ο
920 1651 1113 1712 populus
1146 1649 1433 1696 Judaeorum!
1459 1651 1497 1693 Ο

100 1725 180 1787 qui
211 1733 255 1769 te
285 1724 392 1770 dicis
420 1739 511 1769 esse
537 1722 769 1770 haereditas
800 1723 899 1767 Dei!
932 1742 952 1766 «
983 1724 1022 1767 Ο
1053 1722 1180 1768 vinea
1220 1721 1391 1766 Domini
1422 1722 1499 1766 Sa-

103 1815 125 1839 »
159 1796 319 1853 baoth‚
355 1813 456 1857 quae
488 1811 580 1841 non
607 1810 736 1852 uvas⁷
778 1794 856 1839 sed
885 1795 1030 1855 spinas
1064 1804 1108 1839 et
1129 1793 1317 1839 tribulos
1344 1802 1499 1854 protu-

103 1887 126 1911 ))
160 1868 248 1913 listi
285 1871 359 1925 (c).
377 1885 398 1909 ³)
417 1870 512 1912 Imo
534 1867 674 1928 ipsam
695 1882 829 1912 uvam
860 1881 884 1910 a
912 1865 1054 1911 Pilato
1091 1865 1337 1926 suscepisti,
1378 1873 1423 1908 et
1453 1864 1499 1907 in

100 1939 238 2001 praelo
259 1938 399 1984 crucis
421 1939 506 1983 tuis
527 1938 729 1984 manibus
766 1937 1024 1997 expressisti.
1056 1939 1162 1981 Haec
1198 1945 1262 1980 est
1283 1935 1357 1979 illa
1389 1951 1495 1992 uva,

102 2026 202 2072 quae
238 2025 435 2070 expressa
468 2010 728 2069 sanguinem
760 2008 899 2064 fudit,
930 2017 974 2052 et
1006 2017 1150 2053 totum
1178 2006 1397 2051 mundum
1419 2021 1498 2050 suo

102 2097 260 2128 cruore
274 2080 484 2142 perfudit.
505 2081 591 2127 Sed
613 2080 774 2127 Christi
793 2079 966 2140 sanguis
986 2080 1033 2124 in
1057 2079 1353 2124 remissionem
1374 2078 1498 2122 fusus

103 2163 169 2198 est
197 2162 503 2215 peccatorum,
528 2161 580 2197 ut
608 2152 892 2196 damnaretur
920 2150 1187 2196 contumelia
1223 2150 1495 2194 Judaeorum.

103 2226 217 2272 Veni
236 2241 364 2286 ergo,
396 2224 550 2270 Judaee
564 2260 576 2281 ,
600 2225 701 2270 veni
721 2223 775 2269 ad
798 2223 1039 2269 Ecclesiam
1062 2223 1246 2281 Christi3
1269 2223 1372 2266 bibe
1395 2237 1498 2266 san-

106 2297 304 2357 guinem,
325 2313 459 2358 quem
475 2295 654 2351 fudisti,
687 2305 729 2341 et
753 2295 850 2339 dele
873 2295 1043 2340 facinus
1058 2330 1068 2349 ‚
1089 2293 1210 2355 quod
1232 2293 1386 2338 fecisti.
1411 2295 1502 2338 No-

105 2369 181 2413 lite
203 2368 356 2413 timere
371 2403 382 2424 ,
413 2368 516 2428 quia
537 2367 656 2412 cruci
678 2366 870 2411 affixistis
893 2365 1131 2411 Dominum
1155 2365 1378 2411 Christum
1407 2384 1415 2409 :
1445 2364 1496 2408 ad

105 2440 190 2484 hoc
211 2439 285 2484 ille
308 2439 449 2495 venit,
475 2448 526 2484 ut
548 2439 758 2498 sanguine
781 2454 860 2483 suo
888 2437 1073 2482 redimat
1096 2447 1240 2482 totum
1262 2437 1496 2481 mundum.

108 2515 190 2559 Cui
223 2514 257 2558 si
287 2512 580 2568 crediderim,
619 2513 825 2572 potestis⁷
863 2521 906 2556 et
935 2527 1038 2565 vos,
1070 2509 1238 2566 Judaei‚
1264 2508 1501 2567 indulgen-

109 2585 214 2630 tiam
246 2585 440 2645 accipere
468 2593 763 2645 peccatorum.
799 2586 910 2630 Nam
931 2598 1032 2627 cum
1066 2583 1159 2642 ipso
1193 2580 1314 2641 ligno
1332 2617 1343 2635 7
1368 2581 1412 2624 id
1437 2589 1500 2624 est

155 2682 200 2723 (a)
213 2682 327 2717 Matth.
344 2693 452 2724 xxvii,
470 2680 525 2725 24.
546 2699 588 2707 -·
611 2680 656 2723 (h)
674 2681 755 2716 Ibid.
775 2681 828 2716 23.
845 2698 887 2705 —
912 2679 954 2721 (c)
973 2680 1041 2714 lsai.
1063 2690 1095 2722 v,
1115 2678 1147 2721 l..
