<?xml version="1.0" encoding="UTF-8"?>
<!DOCTYPE html PUBLIC "-//W3C//DTD XHTML 1.0 Transitional//EN"
    "http://www.w3.org/TR/xhtml1/DTD/xhtml1-transitional.dtd">
<html xmlns="http://www.w3.org/1999/xhtml" xml:lang="en" lang="en">
 <head>
  <title>
</title>
<meta http-equiv="Content-Type" content="text/html;charset=utf-8" />
  <meta name='ocr-system' content='tesseract 3.04.00' />
  <meta name='ocr-capabilities' content='ocr_page ocr_carea ocr_par ocr_line ocrx_word'/>
</head>
<body>
  <div class='ocr_page' id='page_1' title='image "./operaomniaaccura23auguuoft_0315.png"; bbox 0 0 1803 3276; ppageno 0'>
   <div class='ocr_carea' id='block_1_1' title="bbox 171 260 1458 297">
    <p class='ocr_par' dir='ltr' id='par_1_1' title="bbox 171 260 1458 297">
     <span class='ocr_line' id='line_1_1' title="bbox 171 260 1458 297; baseline 0.005 -9"><span class='ocrx_word' id='word_1_1' title='bbox 171 261 309 290; x_wconf 60' lang='lat' dir='ltr'>smnio</span> <span class='ocrx_word' id='word_1_2' title='bbox 342 264 430 290; x_wconf 73' lang='lat' dir='ltr'>in.</span> <span class='ocrx_word' id='word_1_3' title='bbox 470 265 508 290; x_wconf 57' lang='grc' dir='ltr'>ι).</span> <span class='ocrx_word' id='word_1_4' title='bbox 544 261 838 290; x_wconf 72' lang='lat' dir='ltr'><strong>SOLEMMTATE</strong></span> <span class='ocrx_word' id='word_1_5' title='bbox 871 262 923 289; x_wconf 81' lang='lat' dir='ltr'>ss.</span> <span class='ocrx_word' id='word_1_6' title='bbox 960 265 1287 294; x_wconf 37' lang='lat' dir='ltr'>,uffxcnaunoiiuu</span> <span class='ocrx_word' id='word_1_7' title='bbox 1311 271 1338 294; x_wconf 86' lang='lat'>1.</span> <span class='ocrx_word' id='word_1_8' title='bbox 1376 260 1458 297; x_wconf 73' lang='lat'>305</span> 
     </span>
    </p>
   </div>
   <div class='ocr_carea' id='block_1_2' title="bbox 83 328 1491 2377">
    <p class='ocr_par' dir='ltr' id='par_1_2' title="bbox 83 328 1473 1014">
     <span class='ocr_line' id='line_1_2' title="bbox 83 328 1464 393; baseline 0.006 -21"><span class='ocrx_word' id='word_1_9' title='bbox 83 342 186 372; x_wconf 87' lang='lat' dir='ltr'>nem</span> <span class='ocrx_word' id='word_1_10' title='bbox 205 337 396 374; x_wconf 86' lang='lat' dir='ltr'>nostram</span> <span class='ocrx_word' id='word_1_11' title='bbox 418 329 574 388; x_wconf 77' lang='lat' dir='ltr'>scripta</span> <span class='ocrx_word' id='word_1_12' title='bbox 600 337 702 373; x_wconf 91' lang='lat' dir='ltr'>sunt</span> <span class='ocrx_word' id='word_1_13' title='bbox 739 344 787 373; x_wconf 86' lang='lat' dir='ltr'>ac</span> <span class='ocrx_word' id='word_1_14' title='bbox 820 328 1025 384; x_wconf 88' lang='lat' dir='ltr'>salutem,</span> <span class='ocrx_word' id='word_1_15' title='bbox 1050 339 1099 374; x_wconf 88' lang='lat' dir='ltr'>ut</span> <span class='ocrx_word' id='word_1_16' title='bbox 1131 333 1324 393; x_wconf 77' lang='lat' dir='ltr'>exempla</span> <span class='ocrx_word' id='word_1_17' title='bbox 1359 334 1464 380; x_wconf 84' lang='lat' dir='ltr'>alio-</span> 
     </span>
     <span class='ocr_line' id='line_1_3' title="bbox 84 398 1463 460; baseline 0.005 -17"><span class='ocrx_word' id='word_1_18' title='bbox 84 412 183 444; x_wconf 90' lang='lat' dir='ltr'>rum</span> <span class='ocrx_word' id='word_1_19' title='bbox 215 400 351 445; x_wconf 87' lang='lat' dir='ltr'><strong>nostri</strong></span> <span class='ocrx_word' id='word_1_20' title='bbox 380 398 600 460; x_wconf 87' lang='lat' dir='ltr'>profectus</span> <span class='ocrx_word' id='word_1_21' title='bbox 631 398 743 456; x_wconf 78' lang='lat' dir='ltr'>sint3</span> <span class='ocrx_word' id='word_1_22' title='bbox 768 408 811 443; x_wconf 86' lang='lat' dir='ltr'>et</span> <span class='ocrx_word' id='word_1_23' title='bbox 840 398 948 443; x_wconf 90' lang='lat' dir='ltr'>dum</span> <span class='ocrx_word' id='word_1_24' title='bbox 981 414 1239 459; x_wconf 84' lang='lat' dir='ltr'>magnorum</span> <span class='ocrx_word' id='word_1_25' title='bbox 1270 404 1463 450; x_wconf 88' lang='lat' dir='ltr'>virorum</span> 
     </span>
     <span class='ocr_line' id='line_1_4' title="bbox 85 468 1462 535; baseline 0.006 -22"><span class='ocrx_word' id='word_1_26' title='bbox 85 469 269 516; x_wconf 84' lang='lat' dir='ltr'>illustria</span> <span class='ocrx_word' id='word_1_27' title='bbox 309 470 421 515; x_wconf 84' lang='lat' dir='ltr'>facta</span> <span class='ocrx_word' id='word_1_28' title='bbox 459 468 666 528; x_wconf 80' lang='lat' dir='ltr'>legimus,</span> <span class='ocrx_word' id='word_1_29' title='bbox 691 469 769 529; x_wconf 88' lang='lat' dir='ltr'>ipsi</span> <span class='ocrx_word' id='word_1_30' title='bbox 802 468 904 513; x_wconf 85' lang='lat' dir='ltr'>fidei</span> <span class='ocrx_word' id='word_1_31' title='bbox 931 469 1209 518; x_wconf 85' lang='lat' dir='ltr'>incitamenta</span> <span class='ocrx_word' id='word_1_32' title='bbox 1227 476 1462 535; x_wconf 79' lang='lat' dir='ltr'>capiamus.</span> 
     </span>
     <span class='ocr_line' id='line_1_5' title="bbox 85 539 1465 598; baseline 0.003 -13"><span class='ocrx_word' id='word_1_33' title='bbox 85 543 144 586; x_wconf 88' lang='lat' dir='ltr'>Et</span> <span class='ocrx_word' id='word_1_34' title='bbox 163 541 263 587; x_wconf 90' lang='lat' dir='ltr'>ideo</span> <span class='ocrx_word' id='word_1_35' title='bbox 286 541 400 586; x_wconf 88' lang='lat' dir='ltr'>lecto</span> <span class='ocrx_word' id='word_1_36' title='bbox 422 539 548 585; x_wconf 88' lang='lat' dir='ltr'>nobis</span> <span class='ocrx_word' id='word_1_37' title='bbox 565 539 695 585; x_wconf 87' lang='lat' dir='ltr'>hodie</span> <span class='ocrx_word' id='word_1_38' title='bbox 725 549 768 584; x_wconf 88' lang='lat' dir='ltr'>et</span> <span class='ocrx_word' id='word_1_39' title='bbox 788 540 929 584; x_wconf 80' lang='lat' dir='ltr'>heatae</span> <span class='ocrx_word' id='word_1_40' title='bbox 947 539 1248 598; x_wconf 72' lang='lat' dir='ltr'>fraternitatis,</span> <span class='ocrx_word' id='word_1_41' title='bbox 1267 555 1311 590; x_wconf 92' lang='lat' dir='ltr'>et</span> <span class='ocrx_word' id='word_1_42' title='bbox 1327 547 1465 591; x_wconf 69' lang='lat' dir='ltr'>beatae</span> 
     </span>
     <span class='ocr_line' id='line_1_6' title="bbox 86 609 1468 673; baseline 0.004 -17"><span class='ocrx_word' id='word_1_43' title='bbox 86 611 234 657; x_wconf 89' lang='lat' dir='ltr'>matris</span> <span class='ocrx_word' id='word_1_44' title='bbox 256 611 504 672; x_wconf 84' lang='lat' dir='ltr'>triumpho,</span> <span class='ocrx_word' id='word_1_45' title='bbox 524 620 709 672; x_wconf 88' lang='lat' dir='ltr'>uterque</span> <span class='ocrx_word' id='word_1_46' title='bbox 731 609 936 655; x_wconf 77' lang='lat' dir='ltr'>Ecclesiae</span> <span class='ocrx_word' id='word_1_47' title='bbox 957 612 1167 673; x_wconf 86' lang='lat' dir='ltr'>populus¹</span> <span class='ocrx_word' id='word_1_48' title='bbox 1190 614 1244 659; x_wconf 88' lang='lat' dir='ltr'>dc</span> <span class='ocrx_word' id='word_1_49' title='bbox 1266 632 1368 661; x_wconf 75' lang='lat' dir='ltr'>sexu</span> <span class='ocrx_word' id='word_1_50' title='bbox 1391 634 1468 661; x_wconf 86' lang='lat' dir='ltr'>suo</span> 
     </span>
     <span class='ocr_line' id='line_1_7' title="bbox 86 681 1470 743; baseline 0.003 -16"><span class='ocrx_word' id='word_1_51' title='bbox 86 691 231 731; x_wconf 87' lang='lat' dir='ltr'>sumat</span> <span class='ocrx_word' id='word_1_52' title='bbox 263 682 539 743; x_wconf 76' lang='lat' dir='ltr'>exemplum3</span> <span class='ocrx_word' id='word_1_53' title='bbox 568 681 616 726; x_wconf 86' lang='lat' dir='ltr'>id</span> <span class='ocrx_word' id='word_1_54' title='bbox 647 690 727 737; x_wconf 78' lang='lat' dir='ltr'>est,</span> <span class='ocrx_word' id='word_1_55' title='bbox 752 691 803 726; x_wconf 92' lang='lat' dir='ltr'>ut</span> <span class='ocrx_word' id='word_1_56' title='bbox 834 691 877 727; x_wconf 85' lang='lat' dir='ltr'>et</span> <span class='ocrx_word' id='word_1_57' title='bbox 903 683 982 726; x_wconf 89' lang='lat' dir='ltr'>viri</span> <span class='ocrx_word' id='word_1_58' title='bbox 1013 683 1239 730; x_wconf 78' lang='lat' dir='ltr'>imitentur</span> <span class='ocrx_word' id='word_1_59' title='bbox 1271 688 1470 733; x_wconf 79' lang='lat' dir='ltr'>eximiam</span> 
     </span>
     <span class='ocr_line' id='line_1_8' title="bbox 87 752 1470 815; baseline 0.004 -17"><span class='ocrx_word' id='word_1_60' title='bbox 87 752 273 798; x_wconf 84' lang='lat' dir='ltr'>fratrum</span> <span class='ocrx_word' id='word_1_61' title='bbox 293 753 588 809; x_wconf 84' lang='lat' dir='ltr'>devotionem,</span> <span class='ocrx_word' id='word_1_62' title='bbox 613 762 657 797; x_wconf 90' lang='lat' dir='ltr'>et</span> <span class='ocrx_word' id='word_1_63' title='bbox 674 752 867 798; x_wconf 80' lang='lat' dir='ltr'>foeminae</span> <span class='ocrx_word' id='word_1_64' title='bbox 881 753 964 814; x_wconf 85' lang='lat' dir='ltr'>piae</span> <span class='ocrx_word' id='word_1_65' title='bbox 983 757 1129 800; x_wconf 88' lang='lat' dir='ltr'>matris</span> <span class='ocrx_word' id='word_1_66' title='bbox 1145 758 1367 815; x_wconf 78' lang='lat' dir='ltr'>allectum,</span> <span class='ocrx_word' id='word_1_67' title='bbox 1389 761 1470 804; x_wconf 80' lang='lat' dir='ltr'>sic-</span> 
     </span>
     <span class='ocr_line' id='line_1_9' title="bbox 87 823 1472 893; baseline 0.005 -24"><span class='ocrx_word' id='word_1_68' title='bbox 87 839 173 886; x_wconf 84' lang='lat' dir='ltr'>que</span> <span class='ocrx_word' id='word_1_69' title='bbox 205 835 249 870; x_wconf 89' lang='lat' dir='ltr'>et</span> <span class='ocrx_word' id='word_1_70' title='bbox 280 824 468 870; x_wconf 82' lang='lat' dir='ltr'>doceant</span> <span class='ocrx_word' id='word_1_71' title='bbox 492 824 604 869; x_wconf 85' lang='lat' dir='ltr'>filios</span> <span class='ocrx_word' id='word_1_72' title='bbox 635 827 761 885; x_wconf 72' lang='lat' dir='ltr'>quae²</span> <span class='ocrx_word' id='word_1_73' title='bbox 793 823 976 881; x_wconf 77' lang='lat' dir='ltr'>docent,</span> <span class='ocrx_word' id='word_1_74' title='bbox 1002 836 1046 871; x_wconf 85' lang='lat' dir='ltr'>et</span> <span class='ocrx_word' id='word_1_75' title='bbox 1076 827 1135 872; x_wconf 86' lang='lat' dir='ltr'>sic</span> <span class='ocrx_word' id='word_1_76' title='bbox 1159 829 1367 875; x_wconf 80' lang='lat' dir='ltr'>obediant</span> <span class='ocrx_word' id='word_1_77' title='bbox 1396 832 1472 893; x_wconf 82' lang='lat' dir='ltr'>qui</span> 
     </span>
     <span class='ocr_line' id='line_1_10' title="bbox 88 894 1473 958; baseline 0.006 -18"><span class='ocrx_word' id='word_1_78' title='bbox 88 894 318 942; x_wconf 85' lang='lat' dir='ltr'>docentur.</span> <span class='ocrx_word' id='word_1_79' title='bbox 364 896 542 941; x_wconf 88' lang='lat' dir='ltr'>Discant</span> <span class='ocrx_word' id='word_1_80' title='bbox 587 911 690 955; x_wconf 80' lang='lat' dir='ltr'>ergo</span> <span class='ocrx_word' id='word_1_81' title='bbox 739 912 909 953; x_wconf 86' lang='lat' dir='ltr'>omnes,</span> <span class='ocrx_word' id='word_1_82' title='bbox 956 898 1032 958; x_wconf 87' lang='lat' dir='ltr'>qui</span> <span class='ocrx_word' id='word_1_83' title='bbox 1080 910 1226 945; x_wconf 90' lang='lat' dir='ltr'>amant</span> <span class='ocrx_word' id='word_1_84' title='bbox 1267 902 1379 947; x_wconf 87' lang='lat' dir='ltr'>filios</span> <span class='ocrx_word' id='word_1_85' title='bbox 1414 904 1473 948; x_wconf 84' lang='lat' dir='ltr'>sic</span> 
     </span>
     <span class='ocr_line' id='line_1_11' title="bbox 89 984 249 1014; baseline -0.006 -1"><span class='ocrx_word' id='word_1_86' title='bbox 89 984 249 1014; x_wconf 83' lang='lat' dir='ltr'>arnare.</span> 
     </span>
    </p>

    <p class='ocr_par' dir='ltr' id='par_1_3' title="bbox 90 1040 1487 1867">
     <span class='ocr_line' id='line_1_12' title="bbox 150 1040 1479 1097; baseline 0.005 -13"><span class='ocrx_word' id='word_1_87' title='bbox 150 1043 207 1084; x_wconf 91' lang='grc' dir='ltr'>ΙΙ.</span> <span class='ocrx_word' id='word_1_88' title='bbox 242 1042 373 1084; x_wconf 85' lang='lat' dir='ltr'>Beata</span> <span class='ocrx_word' id='word_1_89' title='bbox 408 1042 653 1097; x_wconf 81' lang='lat' dir='ltr'>Martyrum</span> <span class='ocrx_word' id='word_1_90' title='bbox 683 1049 820 1083; x_wconf 88' lang='lat' dir='ltr'>mater</span> <span class='ocrx_word' id='word_1_91' title='bbox 855 1040 908 1084; x_wconf 88' lang='lat' dir='ltr'>ab</span> <span class='ocrx_word' id='word_1_92' title='bbox 942 1041 1220 1087; x_wconf 84' lang='lat' dir='ltr'>incunabulis</span> <span class='ocrx_word' id='word_1_93' title='bbox 1248 1045 1358 1089; x_wconf 88' lang='lat' dir='ltr'>filios</span> <span class='ocrx_word' id='word_1_94' title='bbox 1380 1062 1479 1091; x_wconf 90' lang='lat' dir='ltr'>suos</span> 
     </span>
     <span class='ocr_line' id='line_1_13' title="bbox 90 1108 1475 1173; baseline 0.004 -18"><span class='ocrx_word' id='word_1_95' title='bbox 90 1110 204 1156; x_wconf 86' lang='lat' dir='ltr'>bene</span> <span class='ocrx_word' id='word_1_96' title='bbox 233 1111 488 1165; x_wconf 82' lang='lat' dir='ltr'>instituens,</span> <span class='ocrx_word' id='word_1_97' title='bbox 515 1119 558 1154; x_wconf 89' lang='lat' dir='ltr'>et</span> <span class='ocrx_word' id='word_1_98' title='bbox 579 1119 727 1154; x_wconf 85' lang='lat' dir='ltr'>sancta</span> <span class='ocrx_word' id='word_1_99' title='bbox 757 1108 941 1167; x_wconf 87' lang='lat' dir='ltr'>docens⁷</span> <span class='ocrx_word' id='word_1_100' title='bbox 975 1110 1081 1156; x_wconf 89' lang='lat' dir='ltr'>dum</span> <span class='ocrx_word' id='word_1_101' title='bbox 1114 1114 1279 1159; x_wconf 87' lang='lat' dir='ltr'>minora</span> <span class='ocrx_word' id='word_1_102' title='bbox 1303 1115 1475 1173; x_wconf 79' lang='lat' dir='ltr'>docuit,</span> 
     </span>
     <span class='ocr_line' id='line_1_14' title="bbox 90 1179 1481 1242; baseline 0.005 -17"><span class='ocrx_word' id='word_1_103' title='bbox 90 1179 344 1225; x_wconf 82' lang='lat' dir='ltr'>sublimiora</span> <span class='ocrx_word' id='word_1_104' title='bbox 368 1180 594 1238; x_wconf 79' lang='lat' dir='ltr'>concedit3</span> <span class='ocrx_word' id='word_1_105' title='bbox 615 1196 663 1224; x_wconf 87' lang='lat' dir='ltr'>ac</span> <span class='ocrx_word' id='word_1_106' title='bbox 686 1180 744 1224; x_wconf 90' lang='lat' dir='ltr'>sic</span> <span class='ocrx_word' id='word_1_107' title='bbox 771 1190 815 1224; x_wconf 89' lang='lat' dir='ltr'>et</span> <span class='ocrx_word' id='word_1_108' title='bbox 842 1191 978 1225; x_wconf 87' lang='lat' dir='ltr'>matre</span> <span class='ocrx_word' id='word_1_109' title='bbox 1001 1183 1113 1227; x_wconf 89' lang='lat' dir='ltr'>bene</span> <span class='ocrx_word' id='word_1_110' title='bbox 1134 1184 1410 1242; x_wconf 79' lang='lat' dir='ltr'>instituente,</span> <span class='ocrx_word' id='word_1_111' title='bbox 1438 1198 1481 1232; x_wconf 86' lang='lat' dir='ltr'>et</span> 
     </span>
     <span class='ocr_line' id='line_1_15' title="bbox 92 1251 1479 1308; baseline 0.004 -11"><span class='ocrx_word' id='word_1_112' title='bbox 92 1251 190 1298; x_wconf 86' lang='lat' dir='ltr'>filiis</span> <span class='ocrx_word' id='word_1_113' title='bbox 218 1252 331 1296; x_wconf 87' lang='lat' dir='ltr'>bene</span> <span class='ocrx_word' id='word_1_114' title='bbox 354 1251 627 1296; x_wconf 73' lang='lat' dir='ltr'>obediendo8</span> <span class='ocrx_word' id='word_1_115' title='bbox 651 1251 1076 1308; x_wconf 78' lang='lat' dir='ltr'>obsecundantibus,</span> <span class='ocrx_word' id='word_1_116' title='bbox 1108 1266 1299 1300; x_wconf 75' lang='lat' dir='ltr'>sanctam</span> <span class='ocrx_word' id='word_1_117' title='bbox 1324 1258 1479 1303; x_wconf 81' lang='lat' dir='ltr'>frater-</span> 
     </span>
     <span class='ocr_line' id='line_1_16' title="bbox 92 1322 1480 1383; baseline 0.006 -15"><span class='ocrx_word' id='word_1_118' title='bbox 92 1324 290 1379; x_wconf 83' lang='lat' dir='ltr'>nitatem,</span> <span class='ocrx_word' id='word_1_119' title='bbox 316 1339 448 1383; x_wconf 86' lang='lat' dir='ltr'>quam</span> <span class='ocrx_word' id='word_1_120' title='bbox 464 1322 572 1367; x_wconf 88' lang='lat' dir='ltr'>fides</span> <span class='ocrx_word' id='word_1_121' title='bbox 588 1322 752 1378; x_wconf 83' lang='lat' dir='ltr'>(locuit,</span> <span class='ocrx_word' id='word_1_122' title='bbox 777 1323 1023 1369; x_wconf 86' lang='lat' dir='ltr'>obedientia</span> <span class='ocrx_word' id='word_1_123' title='bbox 1044 1329 1327 1373; x_wconf 66' lang='lat' dir='ltr'>consecravit.</span> <span class='ocrx_word' id='word_1_124' title='bbox 1348 1333 1480 1376; x_wconf 82' lang='lat' dir='ltr'>Beata</span> 
     </span>
     <span class='ocr_line' id='line_1_17' title="bbox 94 1394 1482 1457; baseline 0.006 -18"><span class='ocrx_word' id='word_1_125' title='bbox 94 1404 249 1450; x_wconf 82' lang='lat' dir='ltr'>mater,</span> <span class='ocrx_word' id='word_1_126' title='bbox 271 1395 342 1440; x_wconf 89' lang='lat' dir='ltr'>cui</span> <span class='ocrx_word' id='word_1_127' title='bbox 360 1410 490 1455; x_wconf 85' lang='lat' dir='ltr'>super</span> <span class='ocrx_word' id='word_1_128' title='bbox 502 1395 694 1438; x_wconf 84' lang='lat' dir='ltr'>humana</span> <span class='ocrx_word' id='word_1_129' title='bbox 713 1394 998 1454; x_wconf 84' lang='lat' dir='ltr'>possibilitate</span> <span class='ocrx_word' id='word_1_130' title='bbox 1008 1398 1022 1422; x_wconf 80' lang='lat'>‘¹</span> <span class='ocrx_word' id='word_1_131' title='bbox 1035 1400 1273 1457; x_wconf 83' lang='lat' dir='ltr'>provehere</span> <span class='ocrx_word' id='word_1_132' title='bbox 1288 1401 1482 1447; x_wconf 87' lang='lat' dir='ltr'>sobolem</span> 
     </span>
     <span class='ocr_line' id='line_1_18' title="bbox 95 1465 1478 1529; baseline 0.004 -18"><span class='ocrx_word' id='word_1_133' title='bbox 95 1482 219 1511; x_wconf 84' lang='lat' dir='ltr'>suam</span> <span class='ocrx_word' id='word_1_134' title='bbox 234 1466 387 1511; x_wconf 86' lang='lat' dir='ltr'>datum</span> <span class='ocrx_word' id='word_1_135' title='bbox 406 1467 493 1510; x_wconf 87' lang='lat' dir='ltr'>est⁵</span> <span class='ocrx_word' id='word_1_136' title='bbox 511 1465 520 1508; x_wconf 72' lang='lat' dir='ltr'>l</span> <span class='ocrx_word' id='word_1_137' title='bbox 546 1482 645 1526; x_wconf 78' lang='lat' dir='ltr'>quae</span> <span class='ocrx_word' id='word_1_138' title='bbox 668 1465 775 1509; x_wconf 91' lang='lat' dir='ltr'>dum</span> <span class='ocrx_word' id='word_1_139' title='bbox 791 1466 920 1510; x_wconf 89' lang='lat' dir='ltr'>docet</span> <span class='ocrx_word' id='word_1_140' title='bbox 940 1466 1050 1512; x_wconf 90' lang='lat' dir='ltr'>filios</span> <span class='ocrx_word' id='word_1_141' title='bbox 1067 1484 1165 1513; x_wconf 89' lang='lat' dir='ltr'>suos</span> <span class='ocrx_word' id='word_1_142' title='bbox 1182 1469 1478 1529; x_wconf 69' lang='lat' dir='ltr'>religionemss,</span> 
     </span>
     <span class='ocr_line' id='line_1_19' title="bbox 95 1536 1480 1591; baseline 0.004 -9"><span class='ocrx_word' id='word_1_143' title='bbox 95 1538 222 1582; x_wconf 81' lang='lat' dir='ltr'>duxit</span> <span class='ocrx_word' id='word_1_144' title='bbox 242 1537 298 1582; x_wconf 87' lang='lat' dir='ltr'>ad</span> <span class='ocrx_word' id='word_1_145' title='bbox 315 1536 494 1582; x_wconf 85' lang='lat' dir='ltr'>coelum.</span> <span class='ocrx_word' id='word_1_146' title='bbox 525 1536 651 1581; x_wconf 84' lang='lat' dir='ltr'>Unde</span> <span class='ocrx_word' id='word_1_147' title='bbox 667 1573 676 1591; x_wconf 69' lang='lat'><em>‚</em></span> <span class='ocrx_word' id='word_1_148' title='bbox 707 1536 807 1581; x_wconf 85' lang='lat' dir='ltr'>licet</span> <span class='ocrx_word' id='word_1_149' title='bbox 829 1537 884 1582; x_wconf 88' lang='lat' dir='ltr'>ad</span> <span class='ocrx_word' id='word_1_150' title='bbox 913 1538 1246 1585; x_wconf 72' lang='lat' dir='ltr'>aedificationem</span> <span class='ocrx_word' id='word_1_151' title='bbox 1276 1542 1480 1589; x_wconf 58' lang='lat' dir='ltr'>Ecclesiae</span> 
     </span>
     <span class='ocr_line' id='line_1_20' title="bbox 90 1607 1485 1670; baseline 0.005 -17"><span class='ocrx_word' id='word_1_152' title='bbox 90 1611 184 1670; x_wconf 82' lang='lat' dir='ltr'>jam</span> <span class='ocrx_word' id='word_1_153' title='bbox 204 1609 285 1654; x_wconf 86' lang='lat' dir='ltr'>ista</span> <span class='ocrx_word' id='word_1_154' title='bbox 314 1609 556 1664; x_wconf 74' lang='lat' dir='ltr'>sufficiant,</span> <span class='ocrx_word' id='word_1_155' title='bbox 580 1607 818 1652; x_wconf 89' lang='lat' dir='ltr'>dicendum</span> <span class='ocrx_word' id='word_1_156' title='bbox 847 1610 954 1653; x_wconf 88' lang='lat' dir='ltr'>mihi</span> <span class='ocrx_word' id='word_1_157' title='bbox 976 1619 1121 1656; x_wconf 90' lang='lat' dir='ltr'>tamen</span> <span class='ocrx_word' id='word_1_158' title='bbox 1143 1612 1332 1658; x_wconf 83' lang='lat' dir='ltr'>breviter</span> <span class='ocrx_word' id='word_1_159' title='bbox 1354 1616 1485 1660; x_wconf 82' lang='lat' dir='ltr'>etiam</span> 
     </span>
     <span class='ocr_line' id='line_1_21' title="bbox 95 1679 1487 1744; baseline 0.005 -19"><span class='ocrx_word' id='word_1_160' title='bbox 95 1680 152 1725; x_wconf 89' lang='lat' dir='ltr'>de</span> <span class='ocrx_word' id='word_1_161' title='bbox 170 1679 443 1740; x_wconf 80' lang='lat' dir='ltr'>singulorum</span> <span class='ocrx_word' id='word_1_162' title='bbox 462 1679 732 1741; x_wconf 86' lang='lat' dir='ltr'>passionibus</span> <span class='ocrx_word' id='word_1_163' title='bbox 748 1689 879 1739; x_wconf 75' lang='lat' dir='ltr'>puto3</span> <span class='ocrx_word' id='word_1_164' title='bbox 896 1681 1080 1725; x_wconf 77' lang='lat' dir='ltr'>maxime</span> <span class='ocrx_word' id='word_1_165' title='bbox 1102 1684 1203 1744; x_wconf 84' lang='lat' dir='ltr'>quia</span> <span class='ocrx_word' id='word_1_166' title='bbox 1220 1685 1265 1728; x_wconf 92' lang='lat' dir='ltr'>in</span> <span class='ocrx_word' id='word_1_167' title='bbox 1280 1686 1372 1730; x_wconf 88' lang='lat' dir='ltr'>his⁷</span> <span class='ocrx_word' id='word_1_168' title='bbox 1395 1703 1487 1733; x_wconf 91' lang='lat' dir='ltr'>non</span> 
     </span>
     <span class='ocr_line' id='line_1_22' title="bbox 94 1749 1486 1818; baseline 0.004 -22"><span class='ocrx_word' id='word_1_169' title='bbox 94 1751 189 1796; x_wconf 85' lang='lat' dir='ltr'>laus</span> <span class='ocrx_word' id='word_1_170' title='bbox 212 1761 400 1806; x_wconf 78' lang='lat' dir='ltr'>tantum,</span> <span class='ocrx_word' id='word_1_171' title='bbox 426 1760 470 1795; x_wconf 88' lang='lat' dir='ltr'>et</span> <span class='ocrx_word' id='word_1_172' title='bbox 491 1750 733 1805; x_wconf 82' lang='lat' dir='ltr'>admiratio,</span> <span class='ocrx_word' id='word_1_173' title='bbox 759 1749 835 1794; x_wconf 91' lang='lat' dir='ltr'>sed</span> <span class='ocrx_word' id='word_1_174' title='bbox 853 1760 896 1794; x_wconf 92' lang='lat' dir='ltr'>et</span> <span class='ocrx_word' id='word_1_175' title='bbox 913 1751 1110 1796; x_wconf 88' lang='lat' dir='ltr'>doctrina</span> <span class='ocrx_word' id='word_1_176' title='bbox 1129 1753 1333 1800; x_wconf 79' lang='lat' dir='ltr'>Ecclesiae</span> <span class='ocrx_word' id='word_1_177' title='bbox 1355 1766 1486 1818; x_wconf 79' lang='lat' dir='ltr'>atque</span> 
     </span>
     <span class='ocr_line' id='line_1_23' title="bbox 97 1822 609 1867; baseline -0.004 0"><span class='ocrx_word' id='word_1_178' title='bbox 97 1822 328 1867; x_wconf 81' lang='lat' dir='ltr'>aedificatio</span> <span class='ocrx_word' id='word_1_179' title='bbox 346 1823 609 1867; x_wconf 85' lang='lat' dir='ltr'>continetur.</span> 
     </span>
    </p>

    <p class='ocr_par' dir='ltr' id='par_1_4' title="bbox 99 1893 1491 2313">
     <span class='ocr_line' id='line_1_24' title="bbox 158 1893 1488 1959; baseline 0.005 -21"><span class='ocrx_word' id='word_1_180' title='bbox 158 1897 241 1938; x_wconf 90' lang='lat' dir='ltr'>III.</span> <span class='ocrx_word' id='word_1_181' title='bbox 268 1893 504 1938; x_wconf 81' lang='lat' dir='ltr'>Videamus</span> <span class='ocrx_word' id='word_1_182' title='bbox 521 1909 624 1953; x_wconf 81' lang='lat' dir='ltr'>ergo</span> <span class='ocrx_word' id='word_1_183' title='bbox 643 1909 740 1954; x_wconf 82' lang='lat' dir='ltr'>quae</span> <span class='ocrx_word' id='word_1_184' title='bbox 765 1894 898 1938; x_wconf 82' lang='lat' dir='ltr'>fuerit</span> <span class='ocrx_word' id='word_1_185' title='bbox 914 1894 1042 1954; x_wconf 86' lang='lat' dir='ltr'>primi</span> <span class='ocrx_word' id='word_1_186' title='bbox 1064 1894 1206 1940; x_wconf 84' lang='lat' dir='ltr'>fratris</span> <span class='ocrx_word' id='word_1_187' title='bbox 1222 1913 1305 1942; x_wconf 77' lang='lat' dir='ltr'>vox</span> <span class='ocrx_word' id='word_1_188' title='bbox 1323 1899 1368 1942; x_wconf 92' lang='lat' dir='ltr'>in</span> <span class='ocrx_word' id='word_1_189' title='bbox 1390 1916 1488 1959; x_wconf 86' lang='lat' dir='ltr'>pcr-</span> 
     </span>
     <span class='ocr_line' id='line_1_25' title="bbox 99 1965 1489 2030; baseline 0.004 -19"><span class='ocrx_word' id='word_1_190' title='bbox 99 1965 321 2011; x_wconf 85' lang='lat' dir='ltr'>secutione</span> <span class='ocrx_word' id='word_1_191' title='bbox 341 2001 352 2021; x_wconf 82' lang='grc'>,</span> <span class='ocrx_word' id='word_1_192' title='bbox 382 1965 453 2010; x_wconf 88' lang='lat' dir='ltr'>vel</span> <span class='ocrx_word' id='word_1_193' title='bbox 485 1965 684 2025; x_wconf 83' lang='lat' dir='ltr'>passione</span> <span class='ocrx_word' id='word_1_194' title='bbox 704 1967 755 2010; x_wconf 65' lang='grc' dir='ltr'>ὃς</span> <span class='ocrx_word' id='word_1_195' title='bbox 790 1985 810 2006; x_wconf 80' lang='lat'>&lt;‹</span> <span class='ocrx_word' id='word_1_196' title='bbox 846 1965 964 2019; x_wconf 88' lang='lat' dir='ltr'>Quid</span> <span class='ocrx_word' id='word_1_197' title='bbox 1002 1967 1191 2027; x_wconf 81' lang='lat' dir='ltr'>quaeris?</span> <span class='ocrx_word' id='word_1_198' title='bbox 1228 1969 1393 2030; x_wconf 71' lang='lat' dir='ltr'>inquit7</span> <span class='ocrx_word' id='word_1_199' title='bbox 1439 1983 1489 2017; x_wconf 87' lang='lat' dir='ltr'>ut</span> 
     </span>
     <span class='ocr_line' id='line_1_26' title="bbox 102 2035 1489 2098; baseline 0.006 -18"><span class='ocrx_word' id='word_1_200' title='bbox 102 2055 125 2080; x_wconf 89' lang='lat'>»</span> <span class='ocrx_word' id='word_1_201' title='bbox 159 2036 358 2092; x_wconf 82' lang='lat' dir='ltr'>audistis,</span> <span class='ocrx_word' id='word_1_202' title='bbox 380 2036 553 2097; x_wconf 76' lang='lat' dir='ltr'>juvenis</span> <span class='ocrx_word' id='word_1_203' title='bbox 579 2035 635 2081; x_wconf 86' lang='lat' dir='ltr'>ad</span> <span class='ocrx_word' id='word_1_204' title='bbox 662 2045 923 2094; x_wconf 81' lang='lat' dir='ltr'>tyrannum,</span> <span class='ocrx_word' id='word_1_205' title='bbox 953 2036 1060 2098; x_wconf 89' lang='lat' dir='ltr'>quid</span> <span class='ocrx_word' id='word_1_206' title='bbox 1083 2038 1146 2082; x_wconf 84' lang='lat' dir='ltr'>vis</span> <span class='ocrx_word' id='word_1_207' title='bbox 1169 2038 1331 2085; x_wconf 87' lang='lat' dir='ltr'>discere</span> <span class='ocrx_word' id='word_1_208' title='bbox 1359 2059 1382 2086; x_wconf 88' lang='lat' dir='ltr'>a</span> <span class='ocrx_word' id='word_1_209' title='bbox 1406 2059 1489 2088; x_wconf 91' lang='lat' dir='ltr'>no-</span> 
     </span>
     <span class='ocr_line' id='line_1_27' title="bbox 103 2106 1491 2173; baseline 0.006 -23"><span class='ocrx_word' id='word_1_210' title='bbox 103 2127 126 2151; x_wconf 85' lang='lat'>»</span> <span class='ocrx_word' id='word_1_211' title='bbox 159 2108 278 2153; x_wconf 75' lang='lat' dir='ltr'>bis9?</span> <span class='ocrx_word' id='word_1_212' title='bbox 291 2108 435 2153; x_wconf 88' lang='lat' dir='ltr'>Parati</span> <span class='ocrx_word' id='word_1_213' title='bbox 451 2122 599 2153; x_wconf 90' lang='lat' dir='ltr'>sumus</span> <span class='ocrx_word' id='word_1_214' title='bbox 617 2106 744 2163; x_wconf 81' lang='lat' dir='ltr'>mori,</span> <span class='ocrx_word' id='word_1_215' title='bbox 762 2109 898 2167; x_wconf 82' lang='lat' dir='ltr'>magis</span> <span class='ocrx_word' id='word_1_216' title='bbox 916 2124 1048 2169; x_wconf 83' lang='lat' dir='ltr'>quam</span> <span class='ocrx_word' id='word_1_217' title='bbox 1062 2109 1221 2168; x_wconf 85' lang='lat' dir='ltr'>patrias</span> <span class='ocrx_word' id='word_1_218' title='bbox 1242 2110 1357 2171; x_wconf 82' lang='lat' dir='ltr'>leges</span> <span class='ocrx_word' id='word_1_219' title='bbox 1378 2130 1491 2173; x_wconf 85' lang='lat' dir='ltr'>prae-</span> 
     </span>
     <span class='ocr_line' id='line_1_28' title="bbox 104 2178 1490 2239; baseline 0.005 -18"><span class='ocrx_word' id='word_1_220' title='bbox 104 2198 127 2221; x_wconf 79' lang='lat'>»</span> <span class='ocrx_word' id='word_1_221' title='bbox 161 2179 438 2238; x_wconf 81' lang='lat' dir='ltr'>varicari(a).</span> <span class='ocrx_word' id='word_1_222' title='bbox 475 2178 619 2223; x_wconf 83' lang='lat' dir='ltr'>Parati</span> <span class='ocrx_word' id='word_1_223' title='bbox 640 2194 765 2238; x_wconf 85' lang='lat' dir='ltr'>ergo,</span> <span class='ocrx_word' id='word_1_224' title='bbox 790 2179 957 2239; x_wconf 84' lang='lat' dir='ltr'>inquit,</span> <span class='ocrx_word' id='word_1_225' title='bbox 984 2196 1131 2225; x_wconf 92' lang='lat' dir='ltr'>sumus</span> <span class='ocrx_word' id='word_1_226' title='bbox 1152 2182 1285 2237; x_wconf 80' lang='lat' dir='ltr'>mori,</span> <span class='ocrx_word' id='word_1_227' title='bbox 1322 2201 1342 2224; x_wconf 86' lang='lat'>»</span> <span class='ocrx_word' id='word_1_228' title='bbox 1375 2201 1490 2231; x_wconf 84' lang='lat' dir='ltr'>unus</span> 
     </span>
     <span class='ocr_line' id='line_1_29' title="bbox 102 2249 1491 2313; baseline 0.005 -19"><span class='ocrx_word' id='word_1_229' title='bbox 102 2249 389 2312; x_wconf 74' lang='lat' dir='ltr'>loquebatur,</span> <span class='ocrx_word' id='word_1_230' title='bbox 421 2258 466 2294; x_wconf 88' lang='lat' dir='ltr'>et</span> <span class='ocrx_word' id='word_1_231' title='bbox 497 2266 577 2311; x_wconf 87' lang='lat' dir='ltr'>pro</span> <span class='ocrx_word' id='word_1_232' title='bbox 609 2250 810 2295; x_wconf 89' lang='lat' dir='ltr'>omnibus</span> <span class='ocrx_word' id='word_1_233' title='bbox 842 2250 1149 2310; x_wconf 84' lang='lat' dir='ltr'>respondebat.</span> <span class='ocrx_word' id='word_1_234' title='bbox 1193 2252 1491 2313; x_wconf 82' lang='lat' dir='ltr'>Intelligamus</span> 
     </span>
    </p>

    <p class='ocr_par' dir='ltr' id='par_1_5' title="bbox 151 2335 504 2377">
     <span class='ocr_line' id='line_1_30' title="bbox 151 2335 504 2377; baseline -0.006 -9"><span class='ocrx_word' id='word_1_235' title='bbox 151 2335 198 2377; x_wconf 89' lang='lat' dir='ltr'>(a)</span> <span class='ocrx_word' id='word_1_236' title='bbox 213 2344 233 2367; x_wconf 82' lang='lat'><strong>2</strong></span> <span class='ocrx_word' id='word_1_237' title='bbox 250 2335 357 2368; x_wconf 76' lang='lat' dir='ltr'>Maeli.</span> <span class='ocrx_word' id='word_1_238' title='bbox 382 2346 453 2377; x_wconf 84' lang='lat' dir='ltr'>vm,</span> <span class='ocrx_word' id='word_1_239' title='bbox 473 2344 504 2366; x_wconf 79' lang='lat'>2.</span> 
     </span>
    </p>
   </div>
   <div class='ocr_carea' id='block_1_3' title="bbox 106 2404 1494 2725">
    <p class='ocr_par' dir='ltr' id='par_1_6' title="bbox 106 2404 1494 2725">
     <span class='ocr_line' id='line_1_31' title="bbox 152 2404 1492 2451; baseline 0.004 -14"><span class='ocrx_word' id='word_1_240' title='bbox 152 2411 163 2428; x_wconf 89' lang='lat'><em>¹</em></span> <span class='ocrx_word' id='word_1_241' title='bbox 189 2405 268 2437; x_wconf 86' lang='lat' dir='ltr'>Vide</span> <span class='ocrx_word' id='word_1_242' title='bbox 289 2407 393 2438; x_wconf 78' lang='lat' dir='ltr'>Sei-m.</span> <span class='ocrx_word' id='word_1_243' title='bbox 425 2415 509 2446; x_wconf 83' lang='lat' dir='ltr'>cccl,</span> <span class='ocrx_word' id='word_1_244' title='bbox 538 2416 569 2436; x_wconf 89' lang='lat' dir='ltr'>n.</span> <span class='ocrx_word' id='word_1_245' title='bbox 600 2404 633 2437; x_wconf 89' lang='lat'>6.</span> <span class='ocrx_word' id='word_1_246' title='bbox 663 2421 705 2427; x_wconf 90' lang='lat'>—-</span> <span class='ocrx_word' id='word_1_247' title='bbox 731 2412 745 2427; x_wconf 76' lang='lat'><strong>2</strong></span> <span class='ocrx_word' id='word_1_248' title='bbox 764 2405 849 2437; x_wconf 82' lang='lat' dir='ltr'>Edit.</span> <span class='ocrx_word' id='word_1_249' title='bbox 877 2405 959 2438; x_wconf 80' lang='lat' dir='ltr'>male</span> <span class='ocrx_word' id='word_1_250' title='bbox 985 2418 1080 2451; x_wconf 77' lang='lat' dir='ltr'>quos.</span> <span class='ocrx_word' id='word_1_251' title='bbox 1108 2422 1150 2428; x_wconf 86' lang='lat'>—-</span> <span class='ocrx_word' id='word_1_252' title='bbox 1171 2404 1184 2429; x_wconf 81' lang='lat'>3</span> <span class='ocrx_word' id='word_1_253' title='bbox 1216 2407 1283 2439; x_wconf 56' lang='lat' dir='ltr'>vox</span> <span class='ocrx_word' id='word_1_254' title='bbox 1306 2405 1492 2444; x_wconf 75' lang='lat' dir='ltr'>obediendo</span> 
     </span>
     <span class='ocr_line' id='line_1_32' title="bbox 106 2460 1493 2506; baseline 0.003 -12"><span class='ocrx_word' id='word_1_255' title='bbox 106 2462 199 2494; x_wconf 83' lang='lat' dir='ltr'>deest</span> <span class='ocrx_word' id='word_1_256' title='bbox 213 2460 246 2493; x_wconf 83' lang='lat' dir='ltr'>iu</span> <span class='ocrx_word' id='word_1_257' title='bbox 263 2462 346 2494; x_wconf 84' lang='lat' dir='ltr'>Edit.</span> <span class='ocrx_word' id='word_1_258' title='bbox 367 2478 408 2484; x_wconf 92' lang='grc'>--</span> <span class='ocrx_word' id='word_1_259' title='bbox 429 2461 445 2491; x_wconf 80' lang='grc'>4</span> <span class='ocrx_word' id='word_1_260' title='bbox 471 2460 555 2493; x_wconf 80' lang='lat' dir='ltr'>Edit.</span> <span class='ocrx_word' id='word_1_261' title='bbox 581 2473 690 2504; x_wconf 76' lang='lat' dir='ltr'>supra</span> <span class='ocrx_word' id='word_1_262' title='bbox 709 2461 891 2493; x_wconf 76' lang='lat' dir='ltr'>humanum</span> <span class='ocrx_word' id='word_1_263' title='bbox 905 2461 1177 2506; x_wconf 76' lang='lat' dir='ltr'>possibilitatem.</span> <span class='ocrx_word' id='word_1_264' title='bbox 1196 2480 1237 2485; x_wconf 87' lang='lat'>—-</span> <span class='ocrx_word' id='word_1_265' title='bbox 1262 2461 1278 2485; x_wconf 71' lang='lat'>5</span> <span class='ocrx_word' id='word_1_266' title='bbox 1297 2464 1400 2497; x_wconf 61' lang='lat' dir='ltr'>verba</span> <span class='ocrx_word' id='word_1_267' title='bbox 1425 2465 1493 2499; x_wconf 73' lang='lat' dir='ltr'>(la-</span> 
     </span>
     <span class='ocr_line' id='line_1_33' title="bbox 110 2515 1490 2561; baseline 0.003 -11"><span class='ocrx_word' id='word_1_268' title='bbox 110 2526 177 2550; x_wconf 84' lang='lat' dir='ltr'>tum</span> <span class='ocrx_word' id='word_1_269' title='bbox 191 2525 245 2549; x_wconf 81' lang='lat' dir='ltr'>est</span> <span class='ocrx_word' id='word_1_270' title='bbox 259 2517 376 2550; x_wconf 82' lang='lat' dir='ltr'>desunt</span> <span class='ocrx_word' id='word_1_271' title='bbox 389 2517 422 2549; x_wconf 89' lang='lat' dir='ltr'>in</span> <span class='ocrx_word' id='word_1_272' title='bbox 439 2517 522 2549; x_wconf 81' lang='lat' dir='ltr'>Edit.</span> <span class='ocrx_word' id='word_1_273' title='bbox 536 2534 578 2539; x_wconf 92' lang='lat'>-—</span> <span class='ocrx_word' id='word_1_274' title='bbox 595 2515 610 2535; x_wconf 68' lang='lat'>‘³</span> <span class='ocrx_word' id='word_1_275' title='bbox 631 2517 713 2549; x_wconf 85' lang='lat' dir='ltr'>Edit.</span> <span class='ocrx_word' id='word_1_276' title='bbox 735 2517 898 2561; x_wconf 71' lang='lat' dir='ltr'>religione</span> <span class='ocrx_word' id='word_1_277' title='bbox 916 2530 989 2548; x_wconf 74' lang='lat' dir='ltr'>siue.</span> <span class='ocrx_word' id='word_1_278' title='bbox 1014 2535 1054 2539; x_wconf 88' lang='lat'>--</span> <span class='ocrx_word' id='word_1_279' title='bbox 1074 2525 1087 2550; x_wconf 75' lang='grc'>7</span> <span class='ocrx_word' id='word_1_280' title='bbox 1102 2518 1179 2551; x_wconf 81' lang='lat' dir='ltr'>Cod.</span> <span class='ocrx_word' id='word_1_281' title='bbox 1196 2518 1296 2551; x_wconf 79' lang='lat' dir='ltr'>habet</span> <span class='ocrx_word' id='word_1_282' title='bbox 1310 2521 1411 2553; x_wconf 82' lang='lat' dir='ltr'>solum</span> <span class='ocrx_word' id='word_1_283' title='bbox 1425 2522 1490 2554; x_wconf 72' lang='lat' dir='ltr'>his.</span> 
     </span>
     <span class='ocr_line' id='line_1_34' title="bbox 111 2573 1494 2617; baseline -0.004 -10"><span class='ocrx_word' id='word_1_284' title='bbox 111 2573 183 2598; x_wconf 76' lang='lat'>-3</span> <span class='ocrx_word' id='word_1_285' title='bbox 201 2574 284 2607; x_wconf 85' lang='lat' dir='ltr'>Edit.</span> <span class='ocrx_word' id='word_1_286' title='bbox 314 2574 377 2607; x_wconf 86' lang='lat' dir='ltr'>vel</span> <span class='ocrx_word' id='word_1_287' title='bbox 392 2587 469 2607; x_wconf 72' lang='lat' dir='ltr'>voa:</span> <span class='ocrx_word' id='word_1_288' title='bbox 486 2575 522 2606; x_wconf 77' lang='grc' dir='ltr'>ιἸι</span> <span class='ocrx_word' id='word_1_289' title='bbox 550 2574 786 2617; x_wconf 69' lang='lat' dir='ltr'>persecutione</span> <span class='ocrx_word' id='word_1_290' title='bbox 810 2575 867 2606; x_wconf 63' lang='lat' dir='ltr'>ecl</span> <span class='ocrx_word' id='word_1_291' title='bbox 891 2575 1020 2615; x_wconf 70' lang='lat' dir='ltr'>passio.</span> <span class='ocrx_word' id='word_1_292' title='bbox 1049 2593 1089 2597; x_wconf 90' lang='lat'>—</span> <span class='ocrx_word' id='word_1_293' title='bbox 1115 2584 1130 2607; x_wconf 71' lang='lat' dir='ltr'>‘J</span> <span class='ocrx_word' id='word_1_294' title='bbox 1150 2576 1232 2608; x_wconf 71' lang='lat' dir='ltr'>Edit,</span> <span class='ocrx_word' id='word_1_295' title='bbox 1262 2578 1345 2609; x_wconf 78' lang='lat' dir='ltr'>male</span> <span class='ocrx_word' id='word_1_296' title='bbox 1363 2577 1494 2611; x_wconf 45' lang='lat' dir='ltr'>(Isse-Um.</span> 
     </span>
     <span class='ocr_line' id='line_1_35' title="bbox 112 2630 220 2664; baseline -0.028 0"><span class='ocrx_word' id='word_1_297' title='bbox 112 2630 220 2664; x_wconf 79' lang='lat' dir='ltr'>nobis.</span> 
     </span>
     <span class='ocr_line' id='line_1_36' title="bbox 325 2683 1337 2725; baseline 0.001 -1"><span class='ocrx_word' id='word_1_298' title='bbox 325 2694 464 2724; x_wconf 80' lang='lat' dir='ltr'>cxxx.</span> <span class='ocrx_word' id='word_1_299' title='bbox 1286 2683 1337 2725; x_wconf 74' lang='lat'>20</span> 
     </span>
    </p>
   </div>
  </div>
 </body>
</html>
