1803 3276
589 293 727 323 senno
761 296 838 322 vn.
876 296 920 322 m
953 294 1109 321 ΝΑΤΑΙᾸ
1143 298 1302 323 nomn
1338 299 1365 323 1.
1611 285 1664 324 83

281 356 326 401 in
344 356 625 405 tabernaculo
648 360 914 416 Testimonii,
939 360 1170 406 sacerdotis
1188 364 1333 406 Aaron
1350 362 1469 421 virga
1484 362 1665 407 [loribus

281 435 388 472 tunc
422 427 588 488 absque
626 430 815 475 naturali
852 428 1068 492 adjutorio
1108 431 1378 490 germinavit.
1416 435 1510 478 Non
1550 433 1669 478 enim

280 507 506 557 suggestus
527 500 700 545 seminis
733 500 899 557 inerat,
929 517 1018 546 non
1037 500 1191 547 radicis
1207 537 1218 557 ,
1251 518 1341 547 non
1361 501 1519 548 altrieIs
1542 513 1669 547 terrae

283 567 488 627 genitales
507 570 625 615 succi
642 570 836 616 aderant.
858 571 989 625 Quod
1009 572 1087 616 etsi
1110 572 1154 616 in
1172 582 1328 617 natura
1343 573 1463 633 virga
1486 573 1639 618 habuit
1654 609 1667 630 ,

281 637 464 684 abscissa
485 641 731 702 stipitibus¹
766 642 952 687 retinere
985 658 1076 688 non
1104 644 1264 703 potuit.
1306 645 1363 687 Et
1402 652 1548 689 tamen
1580 644 1669 689 illie

279 723 382 754 cum
408 709 607 757 deessent
625 713 825 759 universa
851 714 951 774 jura
974 723 1142 758 naturae
1159 750 1169 770 ,
1204 714 1389 775 protulit
1409 714 1528 775 virga
1549 713 1670 776 quod

279 794 360 825 nec
376 796 523 837 succo,
547 797 628 828 nee
650 784 812 829 semine
834 785 1004 844 suggeri
1025 785 1192 845 potuit,
1217 800 1298 830 nec
1320 783 1477 829 radice.

338 853 438 897 XX.
470 853 555 898 Sed
577 854 757 900 forsitan
783 855 1003 917 aliquibus
1025 854 1128 900 facti
1144 856 1276 917 hujus
1299 856 1478 902 historia
1495 855 1670 902 videtur

278 922 424 982 ignota
447 944 458 983 3
483 925 674 971 breviter
712 925 868 971 dicam.
903 927 1016 972 Cum
1047 926 1206 981 Chore,
1233 927 1407 970 Dathan
1434 935 1478 970 et
1504 927 1671 971 Abiron

281 993 486 1041 adversus
517 1005 716 1051 sanetum
751 999 936 1053 Moysen
970 1005 1014 1041 et
1042 999 1216 1051 Aaron,
1255 996 1337 1042 sibi
1381 996 1672 1042 sacerdotium

278 1065 564 1123 vindicarent,
584 1076 628 1111 et
648 1075 798 1112 contra
816 1066 1145 1127 dispositionem
1162 1067 1237 1112 Dei
1251 1067 1415 1112 vellent
1433 1068 1604 1113 noviter
1624 1068 1671 1112 in

280 1136 536 1196 sacrilegum
555 1137 739 1182 schisma
762 1152 1063 1198 prorumpere,
1088 1137 1213 1182 hiatu
1227 1147 1352 1182 terrae
1369 1137 1674 1184 descendentis

279 1207 497 1269 absorpti,
531 1207 741 1254 viderunt
761 1224 839 1254 sua
855 1207 1010 1255 funera
1040 1210 1239 1270 perituri,
1272 1219 1316 1254 ct
1345 1219 1497 1254 contra
1528 1225 1676 1254 rerum

278 1278 546 1340 opinionem,
572 1289 673 1326 ante
695 1290 798 1325 sunt
817 1280 979 1341 sepulti
1002 1297 1138 1342 quam
1161 1281 1341 1325 mortui.
1363 1284 1526 1341 Aperta
1548 1281 1675 1326 fauce

281 1350 456 1412 glutivit
479 1361 594 1398 terra
625 1352 878 1412 sacrilegos,
899 1362 943 1397 et
966 1352 1218 1397 insatiabilis
1240 1353 1383 1397 hiatus
1405 1368 1495 1398 non
1512 1352 1677 1414 recepit

280 1438 390 1484 quos
419 1432 635 1479 servaret,
669 1422 747 1468 sed
782 1423 928 1483 rapuit
957 1426 1097 1484 quos2
1125 1424 1317 1483 puniret.
1350 1425 1598 1469 Merserunt
1619 1420 1677 1468 ad

278 1494 440 1540 inferos
459 1495 557 1540 viva
573 1510 771 1554 corpora,
792 1504 835 1540 et
852 1494 911 1538 ita
933 1494 1058 1539 est-in
1077 1494 1240 1539 miseris
1253 1510 1386 1555 poena
1405 1503 1674 1553 grassata,ut

279 1581 379 1626 quae
401 1565 542 1610 solent
565 1565 847 1610 morientium
870 1580 959 1609 esse
998 1564 1223 1620 solamina,
1250 1565 1340 1625 ipsa
1371 1564 1454 1609 illis
1477 1564 1665 1625 poenalis

280 1636 403 1682 fieret
425 1635 672 1697 sepultura3
698 1651 778 1681 nec
799 1645 996 1680 mortuos
1026 1645 1226 1695 aggestus
1248 1645 1375 1680 terrae
1398 1635 1568 1692 obruit,
1595 1634 1674 1682 sed

279 1708 398 1754 vivos
418 1723 551 1769 poena
580 1707 791 1768 sepelivit.
819 1706 908 1752 Illis
932 1723 1034 1766 ergo
1065 1707 1315 1752 auctoribus
1348 1707 1588 1767 absorptis,
1629 1716 1674 1752 et

280 1778 525 1839 gregalibus
551 1794 703 1824 eorum
727 1777 876 1823 divino
898 1777 1102 1823 incendio
1137 1778 1445 1834 concrematis,
1471 1779 1531 1823 ita
1555 1778 1672 1823 enim

278 1849 563 1910 scriptumest
584 1868 593 1895 :
623 1868 644 1892 «
667 1852 828 1910 Aperta
850 1857 915 1893 est
933 1858 1044 1893 terra
1059 1884 1070 1904 ,
1094 1857 1137 1892 et
1159 1847 1392 1908 deglutivit
1411 1849 1606 1905 Dathan,
1628 1857 1672 1894 et

282 1934 309 1963 >i
336 1921 563 1982 cooperuit
584 1935 714 1981 super
736 1934 1002 1979 synagogam
1025 1919 1215 1974 Abiron,
1244 1929 1287 1964 et
1309 1920 1463 1963 exarsit
1484 1919 1596 1978 ignis
1625 1919 1672 1964 in

283 2010 314 2035 π
338 2008 561 2053 synagoga
581 2006 734 2036 eorum
755 1993 852 2049 (a)3
875 2008 895 2032 »
915 1990 1044 2051 jubet
1059 1990 1269 2035 Dominus
1291 2000 1440 2036 sancto
1455 1990 1597 2048 Moysi
1617 1989 1673 2035 de

280 2063 459 2125 singulis
482 2063 687 2109 tribubus
721 2063 865 2122 virgas
896 2061 1056 2106 afferri.
1082 2061 1238 2107 Allatae
1267 2061 1501 2124 duodecim
1523 2061 1669 2121 virgae,

280 2135 394 2182 inter
413 2150 521 2196 quas
543 2134 673 2179 etiam
694 2148 782 2177 una
806 2142 898 2177 erat
918 2132 973 2177 de
995 2132 1115 2177 tribu
1137 2132 1255 2188 Levi,
1282 2148 1381 2193 quae
1402 2136 1548 2178 Aaron
1575 2132 1673 2178 fue-

280 2215 347 2252 rat
366 2205 616 2260 sacerdotis,
640 2204 792 2265 positae
815 2213 917 2249 sunt
938 2219 962 2248 a
983 2212 1133 2248 sancto
1150 2206 1301 2261 Moyse
1318 2203 1364 2247 in
1388 2202 1673 2250 tabernaculo

283 2277 548 2324 Testimonii.
569 2275 665 2322 Alia
686 2274 757 2322 die
778 2275 1001 2321 invenitur
1013 2274 1134 2334 virga
1143 2278 1289 2321 Aaron
1310 2274 1564 2336 produxisse
1587 2276 1672 2321 sso—

281 2364 348 2396 res
369 2358 414 2394 et
428 2347 620 2404 frondes,
644 2356 688 2393 et
708 2346 923 2408 peperisse
944 2362 1094 2391 nuces.

340 2422 464 2466 XXI.
489 2419 617 2464 Libet
630 2419 762 2478 igitur
781 2419 866 2463 hoc
884 2416 1359 2478 tantisper-'exemplum
1373 2432 1474 2463 cum
1497 2416 1677 2478 perfidia

282 2489 571 2545 comminisci,
623 2488 703 2534 ubi
735 2488 920 2534 maxime
952 2489 1092 2548 figura
1132 2487 1365 2535 intervenit
1396 2487 1670 2535 sacramenti.

328 2587 377 2630 (a)
393 2586 472 2621 Psal.
492 2597 547 2628 cv,
566 2596 618 2629 17,
644 2585 694 2618 18.

331 2661 340 2679 ¹
355 2654 462 2688 Codex
479 2651 561 2686 male
577 2651 765 2697 spiritibus.
783 2667 825 2675 -—
851 2657 864 2674 ²
879 2650 925 2683 Id.
948 2649 1051 2696 quod.
