1803 3276
238 191 317 228 192
668 200 702 226 s.
738 197 968 227 Avensa-tm
1001 199 1180 228 nmscom

230 266 387 310 animm
412 264 690 323 negligentia.
709 265 804 310 Sint
827 266 973 325 itaque
992 264 1108 309 seria*
1126 273 1285 309 nostrae
1299 266 1516 321 honestae,
1540 265 1626 309 sint

233 342 321 381 Deo
344 336 532 396 placitae,
549 338 726 396 etjuxta
742 336 1000 396 Apostolum
1021 357 1029 382 ε
1059 337 1249 381 «Omnia
1273 346 1419 380 nostra
1442 337 1626 381 honeste

232 428 251 450 »
289 423 337 453 ac
366 407 609 453 secundum
637 407 834 452 ordinem
861 408 965 452 fiant
985 410 1079 466 (a),
1104 419 1148 452 et
1169 407 1256 453 sive
1283 405 1621 464 manducamus,

232 499 252 520 »
288 481 376 525 sive
400 480 607 535 bibimus,
632 481 719 523 sive
732 478 852 523 aliud
869 479 977 539 quid
999 480 1196 536 facimus,
1215 479 1362 525 omnia
1384 479 1430 523 in
1448 480 1626 524 nomine

232 570 251 591 n
291 551 460 596 Domini
494 551 630 596 nostri
656 553 760 594 ,lesu
782 550 943 595 Christi
976 549 1186 595 faciamus
1217 550 1315 609 (b),
1346 569 1367 591 »
1394 565 1626 611 perquem

230 622 355 666 nobis
378 622 614 666 hodiernus
633 619 723 665 dies
745 619 922 665 exordio
943 619 1012 665 vel
1035 637 1166 666 cursu
1184 630 1438 680 temporum
1462 621 1628 681 primus

229 703 293 737 cst.
321 692 568 743 institutus,
598 702 641 736 et
671 692 717 735 in
749 690 1100 737 solemnitatibus
1122 691 1344 753 praecipue
1365 691 1628 747 electus,ret

230 765 441 822 mysteriis
478 762 778 823 multipliciter
815 766 1133 809 consecratus¹.
1175 767 1279 808 Haec
1311 779 1502 825 namque
1537 761 1627 808 dies

228 846 307 891 est,
329 845 371 880 et
394 836 533 894 prima
549 835 664 880 inter
685 845 868 895 septem,
889 845 933 880 et
953 846 1075 880 extra
1087 845 1268 896 septem,
1285 836 1368 880 1100
1385 845 1464 891 est,
1490 835 1628 896 prima

228 918 271 953 et
293 918 468 966 octava,
494 907 612 952 unde
635 917 678 952 et
695 909 874 969 quidam
894 907 1050 954 Psalmi
1074 910 1257 967 mystice
1277 928 1298 951 «
1320 912 1405 954 Pro
1427 917 1577 953 octava
1603 925 1624 948 >›

230 979 273 1022 in
300 978 426 1023 titulo
450 979 730 1038 superscripti
759 989 876 1024 sunt.
909 980 999 1024 Sub
1026 980 1154 1040 hujus
1172 979 1346 1023 numeri
1367 979 1506 1037 figura
1529 987 1629 1023 octo

229 1052 383 1095 animm
405 1060 634 1095 sewantur
656 1052 700 1096 in
722 1067 817 1096 area
840 1055 947 1107 Noe,
973 1068 1072 1113 quae
1094 1061 1250 1112 typum
1274 1052 1453 1111 gerebat
1475 1050 1629 1096 Eccle-

227 1124 314 1167 siae.
342 1125 552 1168 Dominus
575 1140 753 1185 quoque
773 1124 817 1168 in
837 1125 1074 1183 Evangelio
1094 1134 1194 1170 oeto
1217 1124 1416 1184 designat
1437 1122 1630 1167 beatitu-

228 1194 372 1249 dines,
405 1195 567 1254 quibus
596 1210 745 1239 eorum
781 1194 993 1254 perfectio
1028 1195 1212 1254 gloriosa
1244 1194 1524 1248 describitur,
1551 1194 1629 1254 qui

227 1266 438 1325 superatis
461 1264 608 1310 saeculi
626 1265 749 1309 istius
772 1266 1104 1321 tentationibus,
1121 1276 1333 1326 tanquam
1350 1264 1506 1310 diluvii
1523 1265 1632 1309 ssuc-

229 1337 345 1382 tibus
364 1372 375 1393 ,
420 1335 476 1381 ad
498 1346 659 1381 terram
704 1336 1040 1381 immertalitatis
1074 1338 1330 1397 pervenient
1354 1339 1387 1380 ².
1418 1339 1469 1380 In
1497 1336 1630 1397 hujus

227 1408 314 1452 diei
348 1409 606 1453 sacramenti
641 1423 827 1453 numero
861 1407 1053 1452 Ecclesia
1086 1408 1304 1463 nascitur,
1330 1417 1374 1452 et
1398 1410 1631 1467 Synagoga

227 1479 392 1524 finitur.
415 1479 559 1524 Judaei
581 1480 696 1524 enim
718 1478 968 1533 sabbatum,
984 1478 1030 1523 id
1049 1489 1126 1535 est,
1148 1479 1384 1539 septimum
1401 1478 1631 1523 observare

227 1550 308 1595 sibi
329 1550 558 1605 videntur,
590 1550 836 1609 legitimum
869 1550 986 1594 diem
1019 1551 1260 1595 nescientes
1290 1549 1460 1606 miseri,
1488 1565 1631 1611 neque

228 1621 456 1667 credentes
478 1622 600 1684 quod
623 1622 720 1667 finis
742 1621 844 1681 legis
867 1622 1066 1667 Christus
1086 1622 1162 1678 sit,
1189 1622 1266 1683 qui
1287 1620 1404 1666 solus
1426 1631 1471 1666 et
1489 1621 1632 1680 legem

230 1693 411 1753 implere
445 1694 616 1754 potuit,
658 1702 701 1737 et
735 1692 934 1738 condidit
968 1709 1143 1738 omnem
1172 1693 1318 1750 diem,
1354 1702 1398 1738 et
1425 1693 1631 1738 omnibus

228 1764 385 1808 sanetis
408 1763 715 1808 festivitatibus
729 1762 928 1824 praefuit,
945 1764 1064 1809 hunc
1087 1763 1220 1820 diem,
1241 1779 1372 1825 quem
1396 1764 1524 1809 etiam
1540 1767 1631 1809 Do-

231 1835 440 1880 minieum
466 1836 620 1880 merito
645 1834 939 1896 appellamus,
966 1836 1071 1897 quia
1088 1838 1134 1881 in
1157 1851 1208 1881 eo
1231 1835 1444 1881 Dominus
1465 1852 1514 1881 ac
1539 1835 1633 1881 Sal-

230 1917 353 1952 vator
374 1917 523 1952 1105101·
548 1908 603 1951 ab
625 1906 774 1952 inferis
798 1906 984 1964 rediens,
1009 1923 1163 1953 verum
1183 1908 1313 1968 plane
1332 1907 1502 1964 lumen,
1527 1908 1632 1953 huic

230 1978 396 2024 mundo
428 1977 714 2039 resplenduit.
741 1981 884 2033 Quem
913 1979 992 2024 etsi
1026 1979 1217 2026 Gentiles
1245 1979 1345 2025 solis
1366 1978 1485 2024 diem
1506 1980 1632 2039 igno—

230 2060 376 2095 ranter
398 2060 573 2106 vocant,
611 2067 688 2096 nos
710 2060 858 2095 tamen
880 2052 1063 2097 scientes
1085 2050 1371 2112 intelligimus
1393 2051 1514 2097 hunc
1540 2060 1631 2116 esse

203 2121 207 2123 ’
227 2122 328 2167 solis
350 2121 466 2167 illius
489 2121 623 2177 diem,
648 2122 703 2167 de
725 2138 816 2184 quo
838 2123 1048 2184 scriptum
1067 2133 1132 2169 est
1153 2140 1161 2165 :
1187 2143 1207 2167 «
1231 2127 1347 2169 Ecce
1364 2124 1530 2170 orietur
1549 2140 1631 2170 vo-

231 2212 251 2235 »
288 2194 352 2238 bis
378 2193 449 2239 Sol
472 2194 678 2254 justitiae,
710 2195 756 2238 in
784 2195 907 2255 cujus
939 2195 1093 2255 pennis
1122 2205 1186 2240 est
1207 2196 1365 2240 sanitas
1386 2198 1465 2254 (0).
1495 2215 1516 2238 »
1545 2199 1631 2241 Iste

229 2266 381 2325 utique
407 2265 466 2309 sol
491 2265 670 2310 visibilis
703 2282 867 2327 pennas
899 2267 1062 2312 habere
1090 2283 1180 2311 11011
1215 2267 1430 2323 creditur,
1456 2268 1534 2314 sed
1554 2267 1629 2313 ille

228 2352 355 2381 verus
375 2337 443 2382 Sol
463 2374 473 2392 ,
511 2339 586 2398 qui
615 2339 742 2399 hujus
777 2339 908 2384 etiam
930 2355 1061 2400 quem
1093 2341 1310 2386 cernimus
1343 2349 1514 2388 creator
1535 2350 1600 2387 est
1613 2376 1625 2397 ,

276 2448 319 2486 (a)
349 2459 359 2478 1
387 2449 460 2479 Cor.
483 2459 558 2489 xiv,
580 2446 634 2490 [10.
655 2465 694 2470 ——
715 2448 820 2489 (h)1‹l.
843 2460 882 2489 x,
905 2449 958 2481 31.
981 2466 1021 2471 -—-
1046 2448 1090 2490 (c)
1105 2448 1237 2482 Malaeh.
1260 2460 1308 2492 iv,
1330 2460 1359 2482 2.

277 2521 282 2536 ¹
303 2517 347 2546 lle
366 2514 453 2546 seriis
471 2515 691 2553 paschalibus,
709 2527 764 2548 seu
783 2516 823 2547 ‹le
837 2515 948 2548 diebus
968 2516 1096 2548 Fet-intis-
1115 2516 1187 2549 vide
1204 2517 1443 2550 annotationem
1471 2517 1623 2550 Editionis

229 2573 328 2603 staur.
346 2573 383 2603 ml
400 2575 500 2603 Serui.
522 2585 543 2599 ν’
558 2584 563 2603 1
577 2584 621 2604 ix.
641 2578 806 2614 ³¹·1n.v.p.
833 2574 973 2607 ‹orn--
987 2580 998 2595 ²
1015 2574 1090 2608 'fide
1104 2578 1204 2606 >ivi-ni.
1224 2586 1291 2606 cmx
1311 2575 1340 2608 in
1358 2575 1615 2617 Appeunl.Maur.
