1803 3276
244 302 326 341 170
677 308 711 338 s.
748 308 980 338 At‘otsrim
1012 307 1197 339 muscom

238 377 520 439 populorum.
561 375 810 437 Dicuntque
851 385 1070 436 postremo
1090 395 1099 421 z
1144 378 1261 436 Ergo
1297 383 1438 420 vester
1478 374 1635 435 impius

238 453 352 495 Deus
377 459 462 505 est,
487 448 562 511 qui
586 464 688 494 eum
703 465 781 494 nos
804 446 886 493 diis
900 447 1126 494 immolare
1148 448 1372 494 hominem
1392 455 1532 503 vetet,
1558 447 1635 491 Fi-

234 519 345 566 lium
366 520 508 566 voluit
529 529 602 564 aut
625 519 820 579 permisit
837 518 990 564 occidi.

297 594 355 637 II.
383 593 422 637 O
449 607 583 653 quam
615 591 745 635 rebus
774 591 968 650 angustis
1008 599 1155 635 nostra
1181 588 1335 648 religio
1365 591 1632 635 coarctatur!

241 665 280 708 O
303 678 436 724 quam
465 662 588 706 tenui
619 662 769 706 semita
791 661 896 720 (ad)
917 660 1079 707 molem
1109 661 1345 707 maximam
1372 660 1475 704 fidei
1508 659 1636 706 duci-

235 750 336 779 mur
349 738 380 790 ¹‚
400 749 503 778 cum
524 731 714 792 amplam
734 733 846 777 viam
869 732 1099 793 repleverit
1121 731 1320 777 confusio
1338 731 1633 793 perditorum!

233 807 271 851 Ο
307 821 442 867 quam
473 804 688 865 perardua
716 812 760 849 ct
787 804 1033 865 praerupta!
1067 804 1350 850 Laboriosam
1379 804 1449 850 vix
1498 804 1638 849 trahi-

234 892 330 922 mus
352 877 607 935 veritatem3
633 875 941 921 verisimilibus
974 876 1241 935 argumentis
1272 890 1385 936 pene
1412 876 1639 920 convinci-

233 964 334 994 mur
349 985 360 1005 ,
387 948 468 993 nisi
486 949 615 1009 pium
637 963 728 993 esse
744 984 754 1004 ,
780 951 944 1009 quem²
966 947 1174 1004 colimus,
1201 946 1451 993 doceamus.
1478 946 1640 993 Paulus

235 1035 341 1080 crgo
371 1019 593 1080 apostolus
625 1019 732 1064 dicit
760 1038 769 1064 ε
815 1038 837 1062 «
871 1020 1036 1064 Pascha
1064 1027 1263 1065 nostrum
1296 1017 1548 1063 immolatus
1576 1026 1641 1064 est

237 1110 258 1134 »
293 1091 490 1137 Christus
504 1096 582 1150 (a).
605 1091 834 1135 »Dicimus
857 1107 994 1152 quaro
1017 1091 1071 1136 sit
1092 1090 1358 1147 immolatus,
1384 1089 1568 1135 dicimus
1597 1100 1640 1135 et

233 1179 256 1207 a
299 1163 488 1223 quibus,
519 1171 572 1206 ut
602 1163 780 1207 Paschae
810 1172 1011 1207 sanctum
1040 1163 1340 1223 innocensque
1381 1161 1640 1217 mysterium

231 1232 452 1293 parricidii
466 1232 684 1277 calumnia
697 1232 924 1277 liberetur.
935 1235 1034 1279 Non
1048 1248 1126 1277 nos
1138 1231 1372 1278 Christiani
1382 1231 1636 1287 occidimus,

233 1303 312 1348 sed
333 1303 525 1348 occisum
546 1301 730 1348 colimus
745 1303 984 1348 Christum.
1001 1304 1092 1348 Cur
1106 1303 1299 1348 occisum
1316 1301 1499 1347 colimus
1517 1319 1641 1364 quae-

234 1375 346 1419 ritur
365 1395 374 1421 :
395 1375 497 1436 quia
519 1384 563 1420 ct
579 1376 719 1435 (ante)
741 1374 903 1420 Filium
917 1375 996 1420 Dei
1018 1374 1219 1431 colimus,
1244 1375 1364 1435 prius
1382 1390 1516 1436 quam
1529 1384 1639 1420 esset

236 1446 418 1492 occisus.
445 1448 536 1493 Cur
558 1447 724 1491 occisus
755 1446 810 1491 sit
837 1446 1032 1507 quaeritis
1055 1462 1064 1488 ε
1091 1446 1240 1492 dicant
1265 1446 1410 1491 Judaei
1431 1446 1639 1507 sacrilege

234 1517 439 1578 religiosi,
458 1518 536 1579 qui
552 1534 655 1563 eum
669 1533 833 1577 agnum
847 1533 927 1579 pro
941 1519 1105 1564 Pascha
1119 1521 1209 1563 Deo
1223 1527 1414 1563 mactare
1429 1519 1638 1579 praecepti

233 1599 354 1647 sunt,
373 1590 598 1636 Christum
618 1588 911 1646 immolantes,
936 1605 1016 1650 pro
1036 1604 1147 1648 agno
1166 1591 1284 1635 Patri
1299 1590 1460 1634 Filium
1474 1600 1638 1636 macta-

234 1669 408 1707 verunt.
439 1662 534 1706 Hoc
554 1660 724 1706 incusat
747 1670 791 1705 et
813 1659 977 1706 Paulus
1014 1660 1236 1721 apostolus
1267 1660 1414 1706 dicens
1446 1660 1502 1706 de
1526 1661 1637 1707 faci-

235 1747 342 1778 nore
365 1732 624 1778 Judaeorum
643 1751 652 1778 :
681 1751 703 1775 «
728 1732 893 1778 Pascha
916 1741 1118 1777 nostrum
1139 1732 1390 1777 immolatus
1408 1740 1472 1777 est
1493 1733 1638 1779 Chris-

235 1822 257 1847 »
294 1813 362 1849 tus
382 1826 393 1863 3
410 1824 430 1847 »
453 1805 537 1850 hoc
559 1814 624 1850 est
645 1819 670 1849 a
691 1814 844 1865 gente,
868 1804 965 1849 cui3
984 1807 1174 1850 Joannes
1191 1805 1382 1865 Baptista
1403 1805 1464 1850 sic
1489 1815 1637 1851 osten-

232 1885 400 1921 taverat
435 1876 663 1922 Christum
695 1895 705 1922 :
748 1895 769 1919 «
803 1879 918 1921 Ecce
956 1891 1094 1935 agnus
1131 1875 1237 1932 Dei,
1283 1891 1383 1921 eece
1415 1877 1492 1937 qui
1524 1876 1636 1922 tollit

235 1965 257 1989 »
292 1956 471 2007 peccata
492 1946 649 1992 mundi
671 1945 748 2004 (b).
777 1965 797 1988 »
815 1949 906 1993 Cur
927 1946 1010 1992 sibi
1026 1947 1225 1993 Christus
1247 1962 1339 1991 non
1361 1947 1488 1992 affuit
1517 1965 1636 2010 quae-

232 2018 341 2077 ritis;
356 2019 460 2079 quia
481 2018 656 2078 sanguis
671 2019 764 2080 ejus
780 2017 937 2063 mundi
948 2018 1088 2080 pretio
1103 2017 1362 2064 debebatur.
1389 2019 1507 2073 Quid
1517 2021 1635 2066 enim

233 2090 509 2136 commiserat
543 2089 764 2146 mundus,
802 2090 926 2151 quod
951 2091 1160 2150 sanguine
1195 2090 1484 2138 liberaretur?
1507 2094 1633 2153 Legis

233 2163 474 2207 incurrerat
495 2161 779 2208 maledictum
792 2198 803 2218 ,
824 2172 868 2208 et
884 2178 940 2208 ne
957 2166 1073 2208 Deus
1090 2171 1201 2208 esset
1221 2163 1471 2209 inconstans
1483 2200 1495 2221 ‚
1511 2163 1634 2211 dedit

233 2233 333 2278 Filii
346 2234 361 2260 4
380 2249 555 2294 corpus,
576 2234 699 2295 cujus
721 2233 896 2294 sanguis
917 2234 963 2278 in
978 2250 1111 2295 poena
1127 2234 1220 2279 sine
1231 2235 1319 2279 fine
1331 2235 1571 2292 morientis,
1588 2244 1632 2281 et

231 2305 412 2351 crimine
440 2304 744 2352 funderetur-⁵.
770 2309 865 2352 Hoc
891 2307 1027 2367 magis
1062 2306 1187 2368 pium
1218 2305 1436 2368 judicium
1457 2307 1562 2365 Dei,
1586 2317 1632 2354 et

275 2390 323 2432 (a)
347 2401 359 2423 ι
383 2393 456 2425 Cor.
480 2403 516 2434 v,
535 2402 566 2435 7.
592 2408 635 2415 —-
657 2391 702 2433 (b)
728 2393 818 2426 Joan.
841 2403 855 2426 1
870 2415 881 2435 ‚
901 2401 956 2437 29.

280 2465 289 2482 ¹
303 2459 412 2492 Codex
437 2460 588 2493 tenuia..
609 2458 781 2502 ducimus-,-
799 2461 893 2494 deest
912 2472 975 2494 vox
991 2459 1042 2494 ad
1055 2471 1149 2505 quam
1161 2472 1271 2495 sensus
1285 2463 1440 2507 exposcit.
1460 2480 1503 2487 —
1523 2470 1536 2487 ²
1549 2464 1625 2498 Cod.

231 2514 314 2547 male
331 2514 434 2561 quod.
453 2532 495 2538 —-
522 2513 666 2559 3Codex‚
682 2517 880 2550 amanuensis
899 2518 1040 2550 evidenti
1058 2528 1180 2561 errore,
1199 2518 1316 2551 habet:
1338 2518 1472 2553 Edem·
1485 2519 1528 2553 de
1545 2533 1624 2567 quo.

232 2587 275 2594 -
292 2569 424 2604 4Codex
440 2571 523 2604 male
546 2585 553 2604 :
573 2573 712 2605 Filium.
747 2590 789 2597 —·
824 2571 882 2607 5Id
897 2578 945 2606 ost
963 2586 970 2605 ε
996 2575 1197 2607 Funderetur
1220 2576 1260 2608 ad
1283 2576 1542 2609 satisfaciendum
1567 2576 1626 2609 ho-

232 2627 321 2658 minis
340 2627 408 2661 sine
426 2627 487 2661 sine
502 2629 664 2662 morientis
683 2629 812 2672 debito,
852 2635 886 2663 et
902 2630 1100 2665 nihilominus
1117 2624 1262 2680 ejusdem
1279 2632 1409 2667 crimine
1423 2632 1626 2676 funderetur,

233 2687 268 2715 ut
285 2683 378 2716 homo
394 2683 490 2717 suerit
509 2689 541 2717 et
559 2684 684 2718 deicida
696 2711 704 2727 ,
725 2689 758 2718 ct
776 2686 979 2730 redemptus.
