1803 3276
430 226 567 256 SEuuo
601 229 753 255 xxxiv.
790 228 843 253 DE
879 223 1030 253 Pascua
1065 227 1155 252 xiv.
1406 214 1482 251 201

105 295 328 340 continere
343 329 354 349 ,
373 303 424 338 ut
446 293 552 338 dum
569 294 644 337 has
662 293 822 337 hostias
838 292 955 352 pacis
969 292 1209 345 offerimus,
1232 288 1421 335 ;1551(1ι,101
1443 306 1490 333 ac

104 366 234 427 plane
246 365 374 426 jungi
391 364 446 410 ad
463 364 630 408 cultum
653 379 781 408 suum
799 361 1106 421 redemptionis
1126 370 1282 404 nOslrae
1307 376 1494 405 comme-

105 437 347 483 moratione
380 451 652 491 censeamur,
679 451 758 479 nec
784 436 875 495 jani
899 432 1081 493 amplius
1103 433 1147 475 in
1175 433 1495 491 superstitiones

104 508 242 553 varias
279 507 545 564 defluamus,
587 507 663 569 qui
708 506 789 551 sub
829 521 916 551 uno
962 505 1102 565 capite
1140 504 1269 547 unius
1306 504 1496 564 corporis

104 579 300 624 membra
321 595 564 624 censemur.

166 652 290 694 VIII.
319 652 417 695 Non
444 651 491 696 in
511 650 578 696 his
607 651 764 695 sanctis
794 666 842 695 ac
876 650 1018 708 dignis
1050 652 1141 694 Deo
1163 646 1291 692 saeris
1311 647 1498 691 nitorem

105 719 349 765 hostiarum
384 719 506 766 foeda
537 720 701 766 ventris
734 720 947 780 ingluvies
974 721 1073 779 (et)
1105 718 1319 777 indigesta
1349 715 1497 762 crudi-

107 799 192 847 tas,
224 799 300 835 aut
322 790 501 851 crapula
523 793 661 852 turpis
685 792 857 836 exaltat.
895 793 1035 836 Gustu
1066 791 1327 845 imbuimur,
1354 797 1500 832 mente

107 862 327 906 satiamur.
370 865 423 906 In
452 863 607 922 exiguo
642 864 708 908 sui
737 863 938 924 Corporis
967 861 1104 906 frusto
1126 871 1242 905 totus
1273 877 1296 904 a
1324 858 1502 918 singulis

107 932 305 977 Christus
334 933 560 994 excipitur.
590 938 642 979 In
674 950 808 995 parvo
845 935 1005 978 haustu
1029 932 1256 991 Sanguinis
1280 931 1387 975 sacri
1415 931 1503 974 vita

106 1012 267 1049 aeterna
284 1013 476 1064 potatur.
502 1008 640 1051 Nemo
662 1005 802 1050 dicat:
829 1009 992 1050 Panem
1009 1003 1152 1057 video,
1170 1019 1326 1062 corpus
1346 1001 1499 1057 audio,

107 1074 257 1119 vinum
280 1078 454 1130 sumo2,
475 1076 735 1134 sanguinem
757 1075 925 1120 dicunt.
953 1075 1164 1120 Dominus
1188 1074 1313 1118 nobis
1335 1076 1503 1131 Corpus

108 1153 153 1189 ct
176 1145 441 1204 Sanguinem
463 1161 588 1190 suum
613 1146 659 1190 in
679 1146 948 1206 simplicibus
971 1144 1250 1207 apparatibus
1275 1143 1423 1199 dedit,
1449 1157 1504 1186 ne

108 1213 330 1263 fastidium
357 1227 433 1263 aut
467 1219 622 1264 horror
653 1217 976 1273 scandalizaret,
1008 1216 1216 1274 indulsit,
1241 1214 1316 1260 sed
1357 1223 1505 1258 tamen

108 1301 209 1332 vere
231 1290 400 1348 Corpus
422 1304 550 1333 suum
574 1289 790 1349 praestitit.
818 1289 934 1333 Audi
956 1289 1071 1332 enim
1102 1287 1210 1348 quid
1244 1288 1334 1346 ipse
1360 1285 1501 1329 dicat:

113 1377 135 1402 ιι
171 1358 334 1415 Sciens,
352 1359 514 1420 inquit,
531 1360 634 1420 quia
652 1369 978 1404 murmurarent
996 1358 1050 1403 de
1062 1359 1146 1403 hoc
1164 1356 1373 1416 Discipuli
1396 1357 1503 1415 ejus,

112 1444 134 1470 »
169 1427 278 1473 dixit
301 1429 385 1474 eis:
413 1433 508 1475 Hoc
529 1445 606 1475 vos
627 1429 923 1475 scandalizat?
948 1429 992 1475 Si
1011 1445 1114 1489 ergo
1134 1428 1327 1473 videritis
1345 1425 1507 1471 Filium

112 1515 134 1541 »
169 1499 356 1544 hominis
379 1500 690 1545 ascendentem
718 1501 796 1546 ubi
819 1511 911 1546 erat
931 1501 1049 1561 prius
1067 1502 1151 1559 (a).
1181 1518 1202 1542 >›
1237 1503 1353 1558 Ergo
1386 1506 1508 1542 ante-

110 1585 245 1631 quam
282 1571 584 1628 ascenderet3,
621 1570 789 1616 facilius
827 1571 1106 1616 scandalizari
1138 1572 1332 1615 humana
1364 1567 1511 1629 potuit

109 1641 366 1702 infirmitas3
396 1659 516 1689 nunc
539 1652 710 1700 autem,
737 1658 838 1688 cum
870 1643 1112 1688 ascenderit
1139 1643 1218 1686 ubi
1251 1649 1342 1685 erat
1362 1640 1505 1700 prius,

111 1728 204 1758 non
227 1723 290 1758 est
311 1714 545 1775 quisquam
563 1714 639 1775 qui
661 1713 865 1759 dubitare
887 1713 941 1759 de
963 1714 1105 1759 verbis
1124 1712 1238 1758 illius
1259 1712 1416 1773 possit,
1439 1710 1510 1755 cui

110 1783 234 1830 videt
255 1784 358 1829 coeli
378 1800 513 1844 regna
532 1785 736 1845 patuisse.

171 1857 251 1899 IX.
273 1855 530 1900 Referamus
569 1856 723 1914 gratias
752 1855 920 1902 debitas
956 1859 1069 1912 Deo,
1111 1857 1187 1917 qui
1225 1855 1346 1900 dedit
1383 1854 1509 1898 nobis

112 1925 369 1987 quotidiana
390 1927 507 1986 Agni
528 1926 659 1981 illius,
677 1928 754 1987 qui
774 1937 1003 1987 peccatum
1025 1927 1181 1972 mundi
1204 1927 1334 1981 tollit,
1360 1925 1405 1970 id
1427 1935 1506 1981 est,

114 1997 292 2042 Domini
324 1997 462 2042 nostri
495 2000 599 2041 Jesu
637 1998 797 2043 Christi
835 1998 1134 2043 immolatione
1177 1997 1391 2057 gaudere,
1435 1996 1511 2057 qui

117 2067 241 2113 dedit
276 2067 480 2113 fidelibus
520 2069 607 2112 suis
639 2069 802 2113 habere
839 2070 885 2112 in
923 2069 1045 2113 terris
1069 2071 1238 2129 Corpus
1271 2069 1403 2128 ipsius
1435 2084 1513 2128 per

118 2139 464 2196 invocationem,
501 2140 624 2200 quod
649 2140 738 2200 jam
768 2140 857 2200 ipse
890 2140 936 2183 in
959 2139 1059 2184 coeli
1095 2139 1228 2198 gloria
1264 2138 1508 2183 collocavit.

123 2229 144 2253 κ
178 2210 376 2255 Offertur
405 2227 508 2270 ergo
531 2226 651 2255 nunc
678 2211 724 2254 in
747 2211 865 2255 omni
883 2210 981 2255 loco
1005 2210 1169 2255 oblatio
1192 2210 1355 2254 munda
1371 2209 1450 2268 (b).
1489 2229 1508 2251 >›

119 2281 221 2326 Vita
244 2281 299 2325 de
321 2281 443 2326 altari
474 2282 681 2337 sumitur,
707 2282 741 2325 si
757 2282 844 2327 vita
862 2281 1079 2326 credatur.
1107 2284 1203 2340 Ipsa
1220 2281 1357 2325 virtus
1371 2290 1514 2341 potest

120 2349 167 2396 in
190 2352 456 2411 Sanguinem
473 2368 600 2397 suum
624 2353 725 2398 vitae
745 2352 956 2413 poculum
979 2361 1254 2408 convertere,
1282 2368 1380 2413 quae
1403 2351 1514 2396 defi-

167 2459 215 2502 (a)
230 2462 320 2493 Joan.
343 2472 395 2504 vi,
410 2462 472 2504 62,
491 2461 547 2495 63.
568 2480 610 2486 —
635 2463 677 2504 (b)
695 2463 826 2497 Malach.
854 2475 884 2506 1,
906 2475 955 2497 11.

171 2534 180 2552 ¹
197 2528 305 2560 Codex
323 2527 462 2562 assidua
478 2541 536 2575 pro
553 2531 708 2567 adverbio
730 2530 880 2566 assiduo.
905 2545 948 2559 ⁴·-
974 2536 987 2557 ²
1006 2530 1053 2567 Id·
1074 2531 1175 2567 mim„
1194 2530 1277 2567 benc
1295 2537 1439 2565 Ulmum·
1466 2546 1507 2556 ’““

126 2580 141 2608 ³
156 2584 234 2621 vide
251 2586 353 2626 Serm-
372 2595 485 2630 ω’»
505 2597 536 2623 ⁰·
559 2597 590 2624 1·
