1803 3276
126 242 263 268 sitnm)
288 242 344 268 lv.
371 242 411 266 ΙΝ
437 241 565 266 1LLL'D
588 242 595 266 t
622 238 805 266 INTRATE
828 240 902 265 PER
925 239 1150 266 ANGLS‘MM
1172 241 1356 266 Poirrxu.
1395 230 1446 267 4ss

128 309 184 349 ΙΙ.
220 308 328 358 Quae
345 314 408 349 est
429 305 522 348 hacc
543 305 609 348 via
633 303 745 348 lata?
762 319 859 363 quae
875 339 885 356 ,
907 303 986 346 nisi
1005 303 1274 348 saecularium
1296 304 1450 349 volun—

69 385 207 420 tatum
230 383 361 435 atque
384 375 615 418 vitiorum?
636 375 780 426 Quare
802 373 886 417 lata
915 372 1106 416 dicitur?
1127 375 1237 427 Quia
1258 390 1334 433 pci-
1355 391 1447 419 cam

65 445 242 505 plurimi
266 443 507 488 ambulant.
533 444 651 487 Sicut
673 444 789 486 enim
813 443 1022 487 terrestris
1044 443 1112 486 via
1126 479 1136 497 ‚
1157 459 1450 504 quaecumquo

65 515 151 560 lata
161 524 239 569 ost,
251 514 408 558 multas
422 513 476 557 ad
491 512 806 557 ambulandum
820 513 969 556 turbas
983 513 1163 556 hominu
1172 529 1210 556 m
1228 514 1354 573 recipi
1364 524 1391 568 t„
1410 525 1451 557 ct

67 584 248 641 invitat3
278 585 336 627 sic
370 592 414 627 et
438 586 449 609 1
474 584 632 626 horum
656 583 724 627 via
757 583 854 627 ideo
878 582 963 626 lata
986 582 1169 637 dicitur,
1201 584 1303 643 quia
1335 583 1451 628 mul-

68 664 133 699 tos
154 655 199 698 in
223 654 332 698 vitiis
355 653 579 697 ambulare
601 652 802 697 delectat.
821 655 957 712 Ergo⁷
986 652 1254 697 Dilectissimi
1272 690 1282 708 ‚
1315 653 1453 713 fugito.

67 724 181 768 viam
200 723 331 767 latam
346 759 356 778 ,
381 724 464 767 hoc
485 732 572 777 est,
601 722 740 782 fugite
756 724 870 766 viam
893 733 1064 782 turpem
1089 733 1222 784 atquc
1238 725 1450 768 vitiosam.

68 794 226 853 Fugite
246 793 361 837 viam
384 793 620 848 ebrietatis,
647 802 689 837 et
710 794 799 852 ipsa
823 793 939 836 enim
962 792 1045 836 lata
1071 804 1154 838 cst.
1176 795 1276 854 quia
1307 810 1457 838 omnes

67 863 222 923 recipit
242 863 448 908 ebriosos.
486 863 640 921 Fugite
672 864 783 906 viam
825 863 1135 923 impudicitize‚
1175 874 1217 908 ct
1245 864 1315 907 illa
1340 865 1453 907 onim

67 930 154 976 lata
168 941 254 986 cst,
272 932 374 992 quia
396 946 544 976 omncs
561 932 712 991 recipit
735 932 991 991 impudicos.
1019 933 1175 991 Fugite
1197 934 1310 976 viam
1333 934 1457 991 cupi-

67 1000 236 1056 ditatis,
267 1001 368 1061 quia
385 1016 550 1055 omncs,
574 1002 651 1061 qui
673 1001 811 1046 aliena
835 1003 1010 1061 rapiunt
1025 1038 1035 1057 ‚
1056 1018 1133 1061 per
1154 1003 1266 1046 viam
1286 1000 1458 1062 cupidi-

66 1073 166 1117 tatis
184 1072 409 1116 incedunt.
427 1073 583 1131 Fugite
604 1072 722 1116 illam
738 1072 869 1127 viam,
895 1088 1026 1133 quam
1044 1073 1171 1117 multi
1194 1083 1454 1134 sequuntur7

68 1158 200 1203 quam
211 1141 339 1186 multi
353 1141 557 1199 diligunt.
588 1141 746 1186 «Multi
758 1143 889 1198 enim,
904 1143 1046 1204 inquit
1058 1143 1285 1198 Dominus,
1298 1153 1417 1188 vocat
1428 1145 1455 1194 i,

73 1232 93 1254 »
112 1213 241 1273 pauci
259 1221 404 1256 autem
417 1211 542 1255 electi
555 1214 639 1270 (a),
660 1230 679 1252 »
720 1214 900 1257 Nonvos
917 1213 1096 1258 societas
1115 1223 1246 1273 atque
1263 1216 1458 1273 exempla

68 1282 288 1327 delectent
319 1283 549 1327 hominum
585 1282 904 1342 plurimorum,
937 1285 1037 1344 quia
1066 1284 1212 1343 plures
1249 1294 1351 1328 sunt
1382 1285 1459 1343 qui

68 1362 247 1413 peccata
270 1362 438 1407 amant,
464 1368 599 1412 quam
615 1354 692 1414 qui
707 1353 873 1413 justitia
897 1353 1184 1398 delectentur.
1204 1353 1288 1399 Sed
1305 1353 1459 1399 melius

70 1432 250 1468 osteum
272 1422 421 1482 paucis
444 1423 505 1467 ire
532 1423 587 1467 ad
605 1438 787 1481 regnum
809 1422 984 1468 coeleste
1007 1433 1138 1484 atque
1170 1434 1455 1483 perpetuum,

66 1508 203 1553 quam
225 1508 326 1536 cum
349 1491 496 1537 multis
518 1492 574 1536 ad
590 1502 775 1536 mortem
789 1501 831 1536 et
845 1492 1108 1551 supplicium
1129 1494 1455 1552 sempiternum.

69 1562 226 1607 Melius
251 1571 314 1605 est
336 1570 386 1605 ut
407 1577 483 1606 vos
509 1577 671 1621 paucos
694 1563 936 1623 sequamini
956 1563 1096 1607 bonos
1110 1599 1120 1618 ,
1147 1579 1281 1624 quam
1300 1563 1459 1608 multos

71 1631 222 1677 malos.
250 1632 362 1685 Quia
385 1631 538 1676 melius
561 1641 626 1676 est
654 1648 755 1677 cum
787 1633 935 1692 paucis
969 1633 1030 1677 ire
1069 1633 1125 1677 ad
1151 1634 1307 1689 vitam,
1328 1650 1456 1694 quam

69 1717 172 1746 cum
193 1701 342 1747 multis
365 1702 410 1746 in
425 1702 684 1761 gehennam.

132 1776 214 1817 III.
252 1792 274 1815 «
297 1775 441 1826 Quam
462 1783 578 1818 arcta
601 1789 704 1832 ergo
721 1808 731 1828 ‚
765 1774 910 1834 inquit
938 1773 1151 1818 Dominus
1166 1809 1177 1828 ,
1215 1783 1258 1818 et
1281 1785 1459 1832 angusta

75 1861 96 1883 n
120 1842 186 1886 via
219 1857 319 1903 quae
342 1842 465 1887 ducit
498 1842 554 1886 ad
581 1843 714 1887 vitam
731 1878 741 1897 ‚
776 1852 822 1886 et
853 1843 982 1902 pauci
1011 1852 1114 1887 sunt
1135 1844 1211 1903 qui
1232 1844 1462 1888 inveniunt

76 1931 96 1953 »
121 1927 233 1956 eam.
248 1930 268 1953 »
294 1915 356 1956 De
369 1911 443 1956 illa
465 1912 581 1956 enim
598 1913 795 1972 superius
818 1912 905 1957 lata
926 1913 994 1957 via
1014 1913 1121 1957 dixit
1143 1933 1151 1957 2
1176 1932 1196 1955 α
1214 1913 1344 1957 Multi
1361 1924 1461 1957 sunt

76 2000 96 2023 n
122 1981 198 2042 qui
221 1981 448 2025 ambulant
470 1996 547 2040 per
577 1997 688 2025 eam.
705 2000 724 2022 »
771 1985 833 2026 De
861 1982 942 2026 hac
979 1991 1125 2025 autem
1148 1991 1330 2040 angusta
1367 1983 1457 2026 via:

77 2071 98 2095 «
122 2051 256 2097 Pauci
277 2060 380 2095 sunt
397 2052 473 2110 qui
485 2052 717 2095 inveniunt
732 2066 842 2095 eam.
863 2070 883 2092 »
911 2050 1037 2096 Unde
1060 2051 1301 2110 intelligere
1325 2051 1463 2096 debc-

73 2137 186 2177 111113,
192 2120 313 2182 quod
323 2121 416 2166 haec
429 2130 612 2180 angusta
623 2121 804 2177 via‚non
815 2121 956 2166 solum
967 2121 1180 2166 laboriose
1191 2121 1458 2177 ambulatur,

73 2191 151 2237 sed
162 2191 294 2237 etiam
304 2189 482 2236 difficile
503 2191 754 2252 inquiritur.
769 2195 880 2237 Nam
890 2207 992 2237 011111
1006 2193 1122 2236 dicat
1142 2212 1151 2236 ε
1178 2211 1195 2232 «
1216 2192 1349 2236 Pauci
1361 2202 1464 2238 sunt

79 2280 98 2303 »
110 2261 186 2323 qui
194 2261 426 2306 inveniunt
433 2276 544 2317 eam,
553 2279 573 2302 »
586 2262 775 2306 ostendit
782 2261 904 2323 quod
911 2262 1038 2306 multi
1046 2272 1148 2307 sunt
1156 2262 1231 2323 qui
1240 2278 1334 2307 eam
1343 2277 1463 2322 quae-

75 2347 170 2376 rere
186 2330 407 2387 videntur,
427 2331 502 2376 sed
518 2332 648 2392 pauci
661 2342 763 2376 sunt
777 2333 854 2393 qui
875 2348 971 2377 eam
984 2333 1179 2377 invenire
1194 2342 1459 2378 mereantur.

74 2405 220 2457 Quare
240 2404 369 2464 pauci
380 2403 633 2461 inveniunt,
653 2420 753 2449 cum
772 2403 900 2449 multi
921 2406 1155 2466 quaerunt?
1177 2404 1338 2465 Utique
1360 2405 1463 2465 quia

122 2510 170 2552 (a)
186 2509 302 2543 Matth.
322 2521 376 2552 xx,
398 2511 449 2543 16.

126 2584 135 2601 ¹
151 2577 259 2611 Codex
270 2577 352 2611 male
364 2578 463 2610 sicut.

293 2641 432 2673 cxxx.
1227 2630 1250 2673 4
