1803 3276
275 227 414 255 smnio
445 226 510 256 m.v
539 226 594 255 m:
624 222 917 257 convssnsmnss
949 222 1094 254 sANc’rr
1126 226 1253 256 mur
1284 226 1351 254 111.
1431 216 1513 258 271

128 292 248 348 bat¹,
274 308 364 338 non
382 293 472 354 ipse
490 293 745 348 sustinebat,
770 293 873 353 quia
894 292 1030 337 virtus
1051 291 1213 336 Christi
1230 293 1275 336 in
1295 292 1371 337 illo
1387 292 1516 337 habi-

128 363 263 408 tabat.
290 365 486 409 Christus
507 363 740 423 regnabat,
771 363 968 408 Christus
998 363 1110 407 vires
1132 363 1513 421 subministrabat,

127 433 324 480 Christus
346 451 437 480 non
471 434 719 489 deserebat,
759 434 956 480 Christus
984 434 1028 478 in
1065 444 1267 478 currente
1288 436 1512 490 currebat,

127 505 322 550 Christus
343 502 398 550 ad
419 505 610 566 palmam
631 504 916 566 perducebat.
939 507 1038 549 Non
1059 520 1160 563 ergo
1182 503 1294 550 facio
1313 506 1518 567 injuriam

127 576 306 636 quando
328 576 427 622 dico
452 595 462 622 ε
499 579 598 622 Non
631 577 722 637 ipse
750 575 1009 621 sustinebat.
1051 576 1154 621 Dico
1185 591 1359 637 prorsus
1377 611 1387 631 ,
1420 577 1517 621 dico

127 664 229 693 cum
251 649 410 694 fiducia
425 685 436 705 ,
472 659 516 694 et
551 650 685 695 verba
706 664 803 694 mea
824 649 918 709 ipso
941 658 1049 693 teste
1073 649 1299 694 confirmo.
1327 652 1517 709 Aposto-

125 718 219 765 lum
251 729 453 765 sanctum
485 736 738 766 succensere
775 721 882 765 mihi
916 736 1006 766 non
1043 720 1158 772 sino,
1185 719 1364 782 quando
1385 721 1517 765 verba

126 792 220 852 ejus
241 790 304 835 illi
326 792 477 837 recito.
503 793 581 837 Dic
603 792 761 852 Paule,
786 792 856 838 dic
881 795 1059 850 Sancte,
1089 791 1160 837 dic
1182 791 1417 852 Apostole3
1438 808 1519 836 au-

127 862 250 907 diant
291 872 335 908 te
375 862 529 908 fratres
555 865 669 920 mei,
706 865 810 926 quia
848 863 1018 908 nullam
1059 863 1139 908 tibi
1183 863 1388 925 injuriam
1415 863 1516 908 feci.

126 932 244 987 Quid
267 949 379 994 ergo
401 935 494 996 ipse
520 935 688 980 dicit2?
709 938 976 996 Comparans
1000 951 1044 979 se
1070 935 1328 994 coapostolis
1361 934 1446 979 suis
1474 934 1521 977 in

125 1003 372 1062 laboribUS,
398 1023 489 1052 non
510 1007 657 1051 timuit
680 1006 822 1051 dicere
848 1026 856 1051 :
898 1026 918 1049 «
939 1005 1042 1051 Plus
1065 1005 1268 1050 omnibus
1290 1005 1372 1049 illis
1396 1004 1522 1049 labo-

127 1094 148 1119 »
183 1078 274 1122 ravi
290 1080 375 1137 (a).
397 1096 418 1120 »
441 1080 538 1123 Jam
558 1079 629 1123 hic
651 1079 760 1122 mihi
782 1077 1072 1138 respondetur
1091 1097 1100 1122 :
1121 1079 1249 1122 Certe
1269 1078 1384 1121 non3
1404 1077 1520 1136 ipse?

126 1148 205 1193 Dic
228 1163 330 1207 ergo
352 1148 475 1210 quod
501 1149 720 1210 sequitur,
752 1165 807 1193 ne
841 1149 919 1193 ista
940 1147 1090 1192 dilatio
1118 1163 1214 1191 mea
1243 1147 1297 1192 sit
1329 1147 1518 1192 inflatio:

130 1239 151 1262 «
178 1219 280 1265 Plus
315 1220 521 1265 omnibus
550 1219 633 1264 illis
657 1219 867 1265 laboravi.
905 1241 922 1262 »
965 1222 1061 1264 Jam
1084 1219 1191 1263 mihi
1219 1218 1343 1263 irasci
1375 1233 1522 1278 coepe-

125 1291 228 1336 ratis
243 1292 275 1348 4,
312 1291 389 1336 sed
410 1289 643 1336 intercedit
664 1307 745 1352 pro
774 1307 869 1349 me,
894 1300 937 1335 et
959 1291 1152 1351 quodam
1175 1290 1307 1335 modo
1330 1289 1521 1351 alloqui-

126 1371 199 1408 tur
225 1383 234 1408 :
271 1366 358 1409 Vos
380 1364 516 1409 nolite
538 1364 678 1408 irasci.
711 1383 731 1407 «
755 1367 854 1409 Non
875 1378 954 1422 ego
978 1372 1150 1418 autem,
1176 1362 1252 1406 sed
1287 1361 1422 1421 gratia
1445 1361 1523 1406 Dei

129 1452 152 1477 ³)
187 1450 361 1481 mecum
377 1433 458 1494 (b).
483 1454 504 1477 η
545 1436 614 1481 Sic
648 1451 751 1494 ergo
781 1444 824 1479 et
845 1434 900 1479 de
922 1434 1119 1495 passione
1146 1449 1220 1479 sua
1249 1433 1519 1487 imminente,

124 1507 250 1569 cujus
270 1507 361 1554 dies
383 1507 622 1553 hodiernus
650 1507 988 1553 solemnissimus
1017 1506 1184 1565 agitur,
1212 1504 1321 1567 quid
1350 1504 1524 1549 dixit5?

131 1597 152 1622 κ
186 1582 281 1640 Ego
315 1581 433 1625 enim
459 1581 551 1642 jam
577 1579 797 1636 immolor,
832 1588 875 1624 et
907 1588 1081 1639 tempus
1107 1576 1381 1623 resolutionis
1413 1591 1525 1621 meae

129 1667 151 1692 ³>
186 1651 334 1696 instat.
355 1654 530 1697 Bonum
553 1661 775 1696 certamen
800 1651 978 1706 certavi,
1006 1665 1184 1696 cursum
1205 1647 1521 1703 consummavi,

129 1741 152 1766 ³)
186 1722 319 1767 fidem
335 1723 516 1768 servavi.
533 1726 596 1768 De
617 1732 777 1768 caetero
799 1731 994 1783 superest
1014 1722 1123 1766 mihi
1146 1737 1307 1766 corona
1319 1719 1522 1780 justitiae,

131 1813 153 1838 »
188 1811 319 1857 quam
333 1794 490 1840 reddet
505 1795 613 1839 mihi
629 1794 839 1840 Dominus
856 1795 903 1839 in
914 1793 988 1838 illa
1008 1794 1079 1838 die
1095 1794 1240 1854 justus
1257 1795 1282 1837 J
1285 1791 1398 1837 udex
1408 1793 1485 1850 (c).
1501 1807 1522 1831 >›

129 1869 207 1912 Est
230 1867 347 1911 enim
365 1866 437 1912 cui
459 1865 630 1911 reddat.
663 1885 686 1909 «
706 1869 879 1911 Bonum
903 1875 1125 1910 certamen
1147 1864 1330 1919 certavi,
1350 1877 1527 1908 cursum

131 1955 153 1980 »
189 1938 507 1992 consummavi,
528 1937 662 1982 fidem
684 1937 891 1982 servaviss.
908 1953 928 1977 n
951 1936 1148 1981 Debetur
1165 1934 1286 1996 quod
1304 1933 1524 1991 redditur3

128 2008 206 2054 sed
230 2025 322 2054 non
348 2017 458 2053 esset
482 2008 553 2053 cui
575 2007 831 2064 deberetur,
865 2008 947 2052 nisi
976 2008 1015 2051 ei
1036 2016 1379 2068 praerogaretur,
1406 2003 1528 2066 quod

130 2096 222 2126 non
245 2079 530 2126 debebatur7.
556 2082 685 2126 Certe
708 2080 835 2128 audis
850 2078 984 2124 modo
1008 2079 1064 2124 de
1089 2079 1167 2124 Dei
1184 2078 1335 2123 debito
1358 2093 1527 2138 praesu-

174 2177 222 2221 (a)
242 2191 254 2211 1
269 2181 344 2212 Cor.
363 2190 419 2220 xv,
441 2189 492 2212 10.
509 2195 548 2201 —
574 2176 718 2220 (b)1bid.
738 2195 780 2201 —
803 2176 849 2220 (c)
868 2187 887 2211 2
901 2178 981 2210 Tim.
1002 2189 1046 2219 iv,
1066 2188 1098 2220 7,
1113 2178 1144 2210 8.

179 2253 190 2269 ¹
211 2247 288 2279 eod.
302 2257 353 2278 cix
369 2245 469 2279 habet
477 2245 537 2292 qui
548 2257 619 2278 non
636 2243 834 2292 deficiebat,
849 2244 920 2278 loco
937 2244 1187 2288 praecedentium
1198 2254 1205 2285 ς
1217 2242 1430 2276 metiorleetio
1443 2242 1528 2286 prior

131 2302 351 2336 subaudiendo
360 2301 504 2336 volebat
512 2300 688 2345 prodesse,
696 2302 789 2343 juxta
796 2302 943 2345 Apostoli
950 2301 1086 2335 verbum
1098 2313 1104 2332 :
1122 2300 1246 2334 Omnia
1263 2300 1415 2333 sustineo
1423 2311 1529 2346 prop-

134 2366 190 2392 ter·
197 2359 338 2393 electos.
352 2365 421 2382 -2
441 2357 520 2392 Cod.
540 2369 590 2391 clx
600 2358 683 2391 male
694 2356 781 2405 quid
793 2360 897 2403 ergo?
909 2358 982 2405 ipse
998 2356 1116 2391 didici.
1136 2357 1216 2390 Vide
1233 2359 1335 2389 Serm.
1353 2367 1507 2389 cccxxxm
1518 2381 1527 2398 ,

129 2427 167 2450 n.
186 2415 220 2449 5.
249 2433 293 2439 —-
314 2413 381 2448 3111
411 2416 490 2450 eod.
521 2426 606 2448 cxvu
639 2415 734 2448 abest
762 2427 844 2449 ηοη.
876 2433 920 2438 -—-
943 2414 1017 2447 fild.
1048 2413 1132 2447 male
1154 2424 1321 2459 coeperas.
1346 2430 1389 2436 -·
1411 2411 1427 2436 ⁵
1448 2415 1528 2445 Tota

125 2472 255 2516 phrasis
270 2473 304 2505 in
319 2473 402 2506 cod.
421 2482 509 2505 cxvn
528 2472 741 2505 desideratur.
762 2489 804 2496 --
828 2470 844 2494 ⁰
865 2474 963 2504 Deest
987 2470 1094 2504 media
1117 2481 1189 2514 pars
1218 2473 1326 2502 textus
1355 2470 1388 2502 in
1414 2469 1528 2501 eodem

135 2529 216 2563 cod.
237 2540 332 2562 cxvu.
352 2543 396 2552 -·-
420 2531 483 2563 71n
504 2529 618 2562 eodem
635 2529 714 2562 Cod.
736 2528 820 2561 male
837 2529 965 2571 ponitur
982 2532 1137 2571 punctum
1152 2530 1223 2569 post
1239 2526 1374 2558 verbum
1388 2532 1528 2569 praero-

134 2593 296 2629 gar-etum
318 2589 352 2619 et
370 2590 462 2628 post,
496 2596 560 2619 non
585 2586 688 2619 minus
713 2585 795 2619 male
814 2585 964 2619 scribitur
994 2583 1226 2626 interrogative
1242 2581 1327 2628 quid
1340 2593 1407 2614 non
1425 2580 1527 2614 debe-

136 2643 250 2674 retur?
