1803 3276
330 269 414 308 230
771 278 804 304 s.
841 275 1073 305 mensum
1106 273 1290 304 Erlscorl

390 346 472 389 ΙΙΙ.
500 343 776 403 Jejuniorum
799 342 990 402 denique
1011 341 1072 386 sic
1088 341 1275 402 probata
1297 339 1452 384 merita
1472 347 1724 384 monstran-
1790 353 1794 401 l

328 425 413 460 tur.
445 418 617 473 Moyses
639 415 831 474 primum
853 422 903 457 ut
930 412 1077 472 legem
1100 427 1125 457 a
1145 411 1335 456 Domino
1355 410 1591 470 acciperet,
1609 410 1726 471 jeju·
1791 406 1795 454 i

331 487 467 542 navit,
482 486 731 547 meruitque
749 486 804 529 de
823 483 1027 539 Domino,
1044 493 1095 528 ut
1108 482 1362 543 loqueretur
1374 495 1478 530 cum
1491 481 1681 526 Domi-no
1691 483 1704 514 -¹
1714 513 1724 525 .

332 557 448 602 Elias
484 568 682 617 tem-porc
703 556 907 601 siccitatis
928 571 1007 599 suo
1024 554 1241 614 pluviam²
1262 552 1429 614 jejunio
1452 551 1509 596 de
1530 551 1727 611 mitigato

332 629 521 674 Domino
533 628 726 672 extorsit.
746 626 897 671 Daniel
916 626 1112 687 impastis
1134 624 1339 670 leonibus
1357 625 1521 669 famem
1536 639 1614 669 suo
1620 625 1730 685 jeju-

333 700 405 744 nio
428 699 677 758 mitigavitss.
696 701 797 742 Tres
815 697 938 758 pueri
951 697 1016 742 in*
1038 696 1197 742 camini
1221 697 1486 742 flammantis
1504 695 1725 751 incendio,

332 786 411 815 suo
436 770 606 831 jejunio
627 768 790 814 alienos
813 768 917 813 deos
940 778 1228 828 negaverunt.
1264 767 1405 814 David
1432 768 1730 829 quotiescum—

332 857 418 903 que
440 841 544 886 fecit
566 844 656 885 Deo
674 840 858 901 jejunia,
884 840 1010 885 toties
1041 840 1098 884 de
1132 840 1331 887 hostibus
1361 839 1616 901 reportabat
1636 839 1727 885 vic-

333 913 504 964 toriam,
530 912 732 958 Ninivitae
759 927 839 956 suo
855 912 1022 973 jejunio
1044 911 1317 957 iracundiam
1339 911 1418 957 Dei
1432 912 1478 956 in
1490 910 1728 971 indulgen-

333 986 437 1029 tiam
472 993 813 1042 converterunt3
848 984 1009 1045 quihus
1038 994 1129 1029 tam
1157 983 1243 1029 fuit
1270 983 1437 1029 timoris
1472 984 1647 1040 astu-tia,
1679 990 1730 1027 ut

332 1072 491 1117 pecora
518 1071 596 1100 sua
621 1070 773 1100 secum
797 1054 992 1100 facerent
1008 1056 1228 1117 jejunare,
1252 1064 1518 1116 tantumque
1542 1054 1625 1100 illis
1643 1054 1730 1100 hoc

331 1126 515 1188 profuit,
541 1135 592 1171 ut
617 1129 732 1170 Deus
759 1127 877 1187 juste
899 1135 1151 1172 commotus
1173 1127 1406 1172 hominum
1433 1140 1731 1187 pecorumque
1753 1167 1765 1175 ,

326 1199 516 1260 jejunio,
543 1197 787 1243 commixtis
814 1197 999 1249 vocibus
1028 1197 1290 1257 placaretur.
1325 1200 1501 1244 Novum
1532 1196 1749 1256 miraculi⁸

334 1285 470 1329 genus
488 1305 499 1326 ,
520 1272 694 1314 Fratres
711 1269 798 1314 mei
814 1270 821 1313 l
839 1269 963 1331 quod
977 1271 990 1296 ⁵
1005 1269 1204 1315 homines
1219 1269 1364 1315 solent
1379 1279 1584 1331 praestare
1598 1283 1730 1330 peco-

333 1344 477 1399 ribus,
497 1358 655 1403 pecora
676 1342 932 1387 hominibus
958 1342 1273 1403 praestiterunt.
1295 1343 1504 1387 Dominus
1530 1341 1731 1387 omnium

332 1415 554 1470 Christus,
582 1424 633 1459 ut
665 1413 892 1459 diabolum
909 1413 1372 1475 vinceret‚jejunavit.
1400 1413 1597 1474 Apostoli
1612 1415 1731 1475 jeju-

333 1485 482 1531 nando
516 1485 791 1531 Paracletum
824 1485 1036 1546 Spiritum
1067 1494 1269 1530 sanctum
1303 1485 1498 1546 accipere
1527 1484 1584 1530 de
1615 1482 1732 1529 coelo

333 1567 605 1603 meruerunt.
635 1556 719 1603 Sed
753 1555 862 1618 quid
883 1557 930 1601 in
957 1557 1057 1602 viris
1078 1557 1175 1601 haec
1195 1555 1347 1613 laudo,
1374 1572 1478 1602 cum
1503 1557 1558 1602 sit
1576 1555 1732 1618 jejunii

332 1630 471 1674 virtus
500 1630 632 1674 etiam
654 1628 976 1673 foeminarumss.
1005 1626 1181 1684 Judith,
1206 1638 1370 1674 armata
1383 1629 1572 1690 jejunio,
1600 1637 1733 1689 caput

333 1701 510 1759 tyranni
532 1699 781 1745 Holofernis
804 1699 1007 1745 abscidit.
1039 1703 1236 1746 Susanna
1269 1716 1293 1745 a
1321 1698 1439 1745 falsis
1466 1700 1649 1746 testibus
1665 1701 1734 1761 je-

330 1772 458 1831 junio
480 1787 559 1816 suo
577 1770 779 1816 absoluta
800 1780 879 1815 est.
902 1771 1062 1816 Esther
1083 1772 1232 1830 regina
1249 1771 1417 1832 jejunio
1435 1787 1530 1827 suo,
1556 1787 1613 1816 ne
1629 1786 1733 1832 per-

332 1844 540 1888 secutoris
558 1844 732 1901 tyranni
759 1843 954 1903 nequitia
975 1843 1249 1903 praevaleret,
1271 1858 1427 1904 pacem
1448 1843 1623 1904 populis
1646 1843 1732 1888 im-

330 1914 531 1974 petravit.
562 1915 672 1959 Sunt
698 1913 879 1975 quidem
910 1914 1163 1975 hujusmodi
1190 1913 1297 1974 legis
1325 1914 1526 1975 exempla
1550 1914 1732 1961 diversis

331 1996 483 2031 ornata
506 1986 670 2031 meritis
692 2001 1003 2047 personarum:
1026 1995 1129 2032 sunt
1146 2001 1170 2031 e
1187 1986 1359 2033 diverso
1376 1988 1609 2045 contraria,
1630 2003 1732 2050 quae

331 2059 633 2104 demonstrant
655 2068 765 2120 quot
787 2058 927 2104 mala⁷
949 2060 1253 2120 praestiterunt
1270 2075 1360 2105 non
1377 2060 1598 2106 custodita
1613 2061 1732 2122 jeju-

330 2133 417 2178 nia.
440 2134 661 2179 Jonathan
683 2132 798 2178 filius
814 2133 924 2193 regis
949 2132 1068 2189 Saiil,
1094 2147 1196 2178 cum
1217 2141 1342 2194 pater
1359 2149 1489 2178 suum
1506 2132 1733 2180 indixisset

379 2261 387 2276 ¹
406 2256 481 2286 naec
497 2253 644 2297 exempla
663 2255 759 2287 etiam
777 2254 981 2297 reperiuntur
999 2255 1030 2287 in
1049 2255 1183 2287 nomilia
1201 2265 1236 2288 ix
1254 2255 1469 2299 Clu-ysostomi
1481 2256 1513 2288 in
1530 2256 1731 2298 Matthaeum,

329 2316 363 2343 ct
391 2312 421 2343 'm
436 2312 571 2344 llomilia
587 2312 737 2353 Oris-tonis
750 2337 758 2353 ,
778 2312 919 2355 quamvis
937 2313 980 2344 sit
991 2312 1096 2356 potius
1115 2313 1263 2355 alterius,
1281 2318 1318 2346 ut
1336 2318 1466 2346 notatur
1482 2314 1514 2346 in
1531 2313 1732 2346 Bibliotheca

332 2369 575 2401 Concionatoria
605 2368 806 2410 Cmnbefisii,
840 2373 919 2401 tom.
946 2380 987 2411 11,
1006 2368 1061 2402 sol.
1082 2368 1113 2401 5⁴
1141 2387 1183 2392 —
1212 2376 1225 2392 ²
1250 2370 1358 2403 Codex
1385 2370 1467 2403 male
1497 2370 1674 2414 placavit,
1700 2376 1732 2402 et

330 2430 442 2467 postea
461 2427 676 2458 extorsisset.
691 2444 731 2448 —
753 2424 765 2448 3
785 2428 866 2458 Item
887 2426 969 2458 male
988 2426 1022 2458 z'n
1034 2427 1334 2469 pastu...sc1me...
1355 2428 1547 2472 geminavit.
1562 2445 1604 2450 —
1616 2426 1727 2461 41bid.

329 2481 421 2513 ‹cloes-t
438 2493 497 2513 vox
516 2482 695 2514 neccssaria
713 2482 761 2514 1‘11.
784 2499 826 2504 —-
845 2481 859 2505 ⁵
879 2483 988 2515 Codex
1012 2482 1094 2515 male
1113 2495 1197 2515 cum.
1214 2501 1255 2505 —
1274 2482 1289 2505 6
1304 2486 1351 2516 Dc
1366 2484 1492 2526 jejunio
1509 2483 1708 2516 soerninarum
1720 2509 1729 2525 ‚

330 2539 402 2570 viole
418 2540 449 2569 S.
473 2539 680 2580 angustinum
699 2539 740 2570 de
767 2540 909 2572 Moribus
929 2539 1078 2572 Ecclesiae
1101 2540 1264 2573 catholica:
1283 2540 1339 2573 lib.
1361 2552 1391 2583 1,
1417 2553 1449 2573 n.
1476 2552 1529 2584 ⁹50.
1551 2559 1593 2563 —
1615 2548 1629 2574 7
1648 2542 1726 2574 Cod.

334 2596 511 2638 quotiens,
532 2596 634 2628 credo
658 2606 715 2637 pro
734 2604 815 2641 (suot
831 2595 934 2629 mala.
958 2599 1069 2629 Postea
1088 2596 1288 2630 desideratur
1305 2597 1459 2640 particula
1471 2610 1539 2630 non
1556 2623 1564 2639 ‚
1584 2597 1728 2639 svdper-

331 2661 453 2691 peram.

1794 575 1800 674 l

1798 709 1802 753 ι

1798 782 1803 849 l
