1803 3276
287 228 366 267 154
720 241 752 265 s.
790 238 1020 266 Acocsruw
1055 237 1235 264 EPISCOPI

287 306 521 350 Dominum
560 320 705 349 mcum
749 320 900 366 quaero
916 340 926 359 ,
965 304 1231 349 Salvatorcm
1269 317 1417 348 meum
1441 324 1452 362 3
1486 305 1676 350 multum

285 378 388 421 mihi
409 376 609 431 donavit,
630 377 706 438 qui
735 392 803 420 me
825 393 847 420 a
872 385 1036 435 septem
1066 374 1289 435 spiritibus
1312 375 1549 420 immundis
1571 376 1678 420 libc-

286 450 407 493 ravit.
433 449 614 509 Captiva
639 449 831 493 ducebar
849 464 937 508 quo
961 448 1189 503 nolebam,
1215 457 1258 492 et
1281 448 1373 507 ipso
1392 448 1674 503 adveniente,

285 521 490 580 disruptis
513 521 673 564 catenis
696 519 958 564 delictorum
984 535 1206 572 meorum,
1229 519 1351 579 sequi
1384 520 1522 563 merui
1545 534 1677 580 quem

285 607 371 636 non
396 591 606 634 merebar.
630 610 649 632 «
667 592 792 635 Nunc
811 590 1007 634 tulerunt
1027 591 1260 634 Dominum
1282 604 1430 635 meum
1443 625 1453 645 ‚
1473 599 1517 635 et
1534 590 1678 636 nescio

287 682 305 702 η
344 663 418 706 ubi
438 671 679 721 posuerunt
698 677 798 705 cum
812 666 892 719 (ai.
911 681 930 702 »
949 663 986 705 Ο
1002 661 1172 715 mulier,
1197 659 1394 720 Apostoli
1411 660 1601 721 Angelos
1619 661 1679 706 vi-

284 734 385 777 dere
405 748 493 776 non
511 741 772 791 potuerunt,
799 733 901 792 quia
924 731 1263 788 dubitaverunt,
1287 741 1333 776 tu
1349 741 1494 776 autem
1513 731 1675 787 vidisti,

283 805 384 863 quia
402 801 637 847 credidisti.
659 802 743 847 Sed
760 812 808 847 tu
822 804 980 847 iterum
1000 802 1132 847 modo
1148 803 1351 847 dubitare
1366 803 1553 863 coepisti.
1572 803 1679 857 Quis

284 875 400 918 enim
443 873 678 918 Dominum
721 872 874 918 tollere
913 882 1108 933 poterat,
1144 874 1225 919 nisi
1257 874 1347 934 ipse
1378 874 1532 930 vellet,
1568 875 1680 919 sicut

283 946 563 1006 promiserat,
590 945 719 990 tertio
740 944 809 990 die
833 959 1068 1003 resurgere.

345 1019 419 1061 tv.
459 1036 478 1058 «
513 1018 731 1061 Conversa
763 1015 872 1060 vidit
904 1015 1140 1060 Dominum
1172 1013 1454 1074 stantemffl).
1484 1033 1504 1058 »
1540 1017 1677 1071 Ecce,

286 1092 455 1133 Fratres
470 1124 480 1143 ,
503 1098 719 1149 quantum
739 1103 859 1132 amor
874 1088 949 1132 Dei
965 1096 1007 1131 et
1022 1087 1128 1132 fides
1149 1086 1312 1146 exigat,
1330 1086 1454 1132 illum
1470 1086 1678 1145 lacrymae

283 1170 358 1205 aut
390 1160 610 1205 humilitas
633 1162 888 1220 superant¹.
915 1159 1004 1205 Nisi
1029 1159 1137 1204 ssens
1161 1158 1462 1215 inclinaretur,
1490 1158 1681 1219 Angelos

283 1247 371 1276 non
402 1232 594 1289 videret,
620 1241 663 1275 et
694 1232 776 1275 nisi
807 1240 1151 1284 converteretur,
1187 1231 1410 1275 Christum
1442 1230 1680 1275 Dominum

280 1302 428 1347 videre
460 1318 549 1346 non
581 1302 819 1346 meruisset.
851 1321 871 1343 α
898 1302 1010 1345 Dicit
1031 1301 1070 1344 ci
1091 1303 1214 1345 Jesus
1235 1321 1243 1346 :
1270 1302 1428 1357 Maria,
1453 1300 1563 1362 quid
1584 1301 1681 1361 plo-

285 1392 306 1414 »
341 1376 436 1418 ras?
453 1389 585 1434 quem
604 1374 762 1434 quaeris
775 1374 864 1432 (e)?
880 1391 899 1414 »
921 1375 978 1416 Et
1000 1372 1089 1428 illa,
1109 1374 1266 1433 apertis
1284 1372 1437 1429 oculis,
1457 1388 1558 1417 cum
1574 1388 1682 1436 cogf

282 1447 501 1500 novisset,
527 1445 815 1490 exclamavit:
847 1464 866 1487 «
891 1445 1099 1500 Domine,
1122 1454 1171 1489 tu
1191 1460 1234 1488 es
1257 1445 1347 1505 ipse
1379 1460 1451 1489 rex
1483 1460 1605 1489 meus
1638 1454 1681 1489 ct

284 1536 304 1559 »
340 1521 453 1562 Deus
475 1533 611 1561 meus.
636 1517 735 1563 Noli
766 1532 836 1561 me
868 1526 1071 1575 tangere,
1107 1517 1214 1562 dicit
1245 1518 1283 1561 ei
1306 1520 1453 1573 Jesus,
1489 1516 1680 1561 necdum

284 1606 304 1629 n
341 1589 457 1633 enim
480 1588 654 1633 ascendi
687 1587 742 1633 ad
768 1592 956 1632 Patrem.
979 1590 1037 1631 Et
1058 1586 1132 1632 illa
1160 1589 1302 1650 inquit
1325 1608 1333 1633 :
1360 1593 1475 1634 Deus
1492 1604 1614 1633 meus
1638 1598 1680 1633 ct

284 1678 304 1701 »
341 1661 551 1705 Dominus
582 1675 704 1706 meus
729 1658 847 1718 (d).>›
883 1658 1086 1705 Ostendis
1120 1668 1161 1704 te
1184 1662 1200 1686 ²
1232 1661 1367 1718 mihi,
1395 1663 1487 1722 jam
1519 1660 1680 1706 sufficit

282 1730 406 1774 mihi.

326 1838 371 1879 (a)
385 1840 474 1871 Joan.
500 1850 556 1881 xx,
581 1839 630 1871 13.
651 1857 692 1862 —
711 1838 753 1880 (b)
774 1838 855 1871 Ibid.
882 1837 1148 1880 15.—(c)1bi‹1.
1174 1839 1224 1872 15.
1243 1838 1447 1881 -(cl)1bid.

331 1912 339 1928 ¹
357 1906 465 1938 Codex
483 1906 550 1939 sine
569 1917 677 1939 sensu:
696 1906 761 1939 Vel
778 1906 946 1952 lacrymae
971 1913 1031 1939 auc
1056 1905 1230 1940 humilitas
1252 1908 1420 1951 super-ius,
1439 1924 1482 1931 —
1503 1905 1577 1940 2111.
1597 1905 1680 1939 male

281 1961 474 1994 ostendisti.
