1803 3276
330 326 469 356 sEnMo
504 331 543 356 v.
581 331 634 357 m:
667 329 916 359 AscENffloNE
949 333 1104 359 DOMINI
1138 337 1167 361 1.
1361 327 1443 367 365

17 382 18 385 ¹
61 392 204 427 ssoruit.
221 392 304 428 Non
321 395 419 429 nubc
441 395 641 431 reclinatus
658 423 666 437 ,
683 398 812 432 sedere
828 398 864 433 in
880 399 1028 433 dextera
1044 405 1107 434 ant
1124 399 1214 436 lzeva
1229 403 1443 450 succubuit,

60 461 128 486 nec
145 451 219 496 ipsa
230 458 431 489 ventorum
442 459 601 498 pennata
617 454 800 499 alacritas,
818 456 999 491 reclinato
1014 457 1174 500 elimate,
1193 459 1367 505 clanguit,
1380 464 1445 499 sed

60 518 165 554 aequa
183 510 289 545 lance
313 511 569 547 candidissima
592 512 708 549 nubes
735 515 912 559 assumpti
942 514 1101 550 hominis
1126 526 1263 562 corpus
1289 520 1335 554 ad
1359 521 1443 556 coeli

57 568 291 612 provinciam
315 568 446 605 seriata
464 572 714 617 assumptione
740 573 896 608 revexit.
917 573 1108 619 Numquid
1126 575 1238 611 sensit
1258 576 1351 613 bella
1370 581 1446 614 vis-

59 635 206 670 cerum,
226 637 312 663 cum
336 627 455 674 ipsum
481 637 652 666 evectum
677 631 779 667 coelis
806 631 917 668 hodie
939 642 1077 679 corpus
1100 634 1136 669 in
1167 636 1319 671 uteralis
1342 648 1447 674 urnae

59 690 224 729 gestaret
241 684 467 732 hospitium?
489 691 674 734 numquid
696 700 800 736 passa
819 697 873 726 est
889 702 1076 738 puerpera
1095 699 1221 738 parata
1240 696 1393 740 pudoris
1409 697 1447 732 in

59 742 141 789 ipso
160 744 310 780 solemni
325 752 435 790 partu
456 746 717 793 naufragium?
743 749 867 785 Ita-ne
892 750 1010 786 nubes
1036 751 1148 788 hodic
1166 753 1359 789 velaminis
1390 753 1448 790 sui

12 826 15 852 ἵ.
61 801 118 837 vel
138 801 221 838 leve
237 803 349 839 sensit
373 804 626 850 dispendium,
647 807 732 852 quia
750 817 888 854 corpus
908 809 1069 852 advexit,
1090 821 1165 846 non
1188 812 1341 856 turgido
1361 824 1450 859 pec-

12 857 13 865 *
61 864 133 899 cati
153 874 267 904 onere
280 872 569 911 praegravatum,
593 867 659 903 sed
680 867 846 904 Verbum
866 879 953 905 caro
973 869 1112 905 factum
1126 899 1135 917 ‚
1158 871 1301 907 coelesti
1319 873 1449 918 utique

61 924 273 966 generantis
290 923 489 961 chrismate
520 926 747 970 levigatum?
762 927 868 963 Nunc
905 928 1028 973 itaque
1055 934 1138 974 post
1162 930 1451 967 resurrectionis

60 987 218 1027 speratae
235 983 361 1020 salutis
388 985 621 1030 repentinam
649 985 833 1030 laetitiam,
858 991 942 1032 post
964 986 1100 1022 scholae
1124 987 1220 1023 illius
1248 989 1451 1034 spiritualis

60 1040 231 1086 insignia,
251 1042 388 1089 sophiae
406 1044 672 1080 inaccessibilis
683 1044 926 1088 munimenta,
948 1045 1129 1081 hodierna
1144 1051 1185 1081 ut
1200 1049 1452 1093 comperimus

62 1100 122 1136 die
137 1126 148 1144 ‚
168 1102 282 1138 eoelos
299 1104 397 1139 unde
411 1114 461 1139 nu
472 1114 612 1149 nquam
634 1103 764 1141 aberat
779 1130 788 1148 ,
808 1104 971 1149 repetiit.
993 1104 1124 1141 Stabat
1142 1116 1303 1151 namque
1317 1107 1456 1144 cohors

61 1159 121 1195 illa
144 1161 352 1197 undecimae
371 1161 492 1197 classis
507 1161 646 1198 obtutu
665 1172 841 1208 suspensa
856 1168 941 1208 post
955 1162 1172 1208 flagrantem
1193 1174 1349 1200 currum
1372 1166 1452 1202 vic-

62 1219 169 1255 toriae
184 1218 307 1264 nubis,
323 1225 360 1255 et
374 1226 508 1256 moesta
523 1214 588 1256 ora
608 1221 862 1264 merentium,
876 1227 961 1266 post
972 1223 1141 1267 magistri
1156 1223 1304 1258 dulcem
1321 1235 1453 1261 ascen-

61 1288 158 1323 sum,
177 1277 258 1315 has·
286 1279 429 1315 referre
452 1279 664 1315 creduntur
685 1280 810 1315 avidas
836 1290 945 1317 voces
973 1281 1175 1317 sitientium
1207 1282 1447 1319 animorum:

64 1337 222 1374 Ubinam
264 1343 391 1374 noster
432 1338 540 1375 Jesus
553 1368 562 1385 ‚
590 1339 709 1375 subita
748 1340 970 1375 claritudine
998 1341 1205 1386 praesentize
1251 1348 1418 1379 venustae
1434 1350 1447 1367 ²

63 1397 266 1442 potentiam
286 1397 497 1434 sustulisti?
517 1397 617 1433 Ecce
640 1398 809 1434 videmus
834 1405 965 1434 ventos
984 1399 1204 1445 pluvialibus
1221 1400 1345 1445 palleis
1368 1400 1452 1436 fim-

62 1454 172 1491 briali
190 1455 337 1491 flamine
361 1456 538 1492 salutare.
554 1455 750 1492 Cernimus
765 1457 903 1492 coelum
931 1457 967 1491 in
987 1467 1180 1493 ascensum
1206 1459 1376 1505 corporis
1397 1460 1451 1494 tui

64 1514 288 1561 quadrijugo
312 1515 463 1551 cardine
478 1515 652 1559 reserari,
669 1520 705 1550 et
724 1525 790 1551 nos
807 1516 843 1550 in
857 1515 926 1550 ista
945 1516 1090 1552 telluris
1108 1516 1281 1552 barbarie
1302 1517 1391 1562 quid
1405 1517 1454 1553 sa-

65 1573 218 1618 ciemus,
234 1574 296 1610 tali
316 1580 482 1620 pastore,
507 1573 695 1619 corporali
718 1573 896 1617 absentia,
921 1574 1101 1610 derelicto
1118 1580 1133 1610 ‘l
1156 1575 1261 1611 Licet
1285 1580 1455 1612 tenemus

63 1633 269 1678 sponsionis
287 1638 362 1669 tuae
379 1639 532 1679 pactum
550 1633 774 1677 veridicum,
790 1633 875 1678 quia
897 1633 1009 1668 alium
1031 1633 1194 1679 dirigere
1215 1633 1365 1679 incipies
1385 1635 1453 1670 ad-

64 1697 241 1728 vocatum
255 1718 266 1736 ,
286 1698 412 1728 tamen
429 1692 516 1738 quia
534 1701 724 1735 recursus,
746 1697 833 1727 tuus
854 1690 1009 1727 thronus
1025 1692 1125 1736 pacis
1137 1718 1147 1736 ‚
1164 1691 1370 1728 coelestium
1385 1704 1454 1738 po-

65 1756 257 1795 testatum,
272 1761 342 1786 nec
354 1756 482 1786 nostro
495 1750 645 1786 deseras
663 1750 701 1784 in
718 1750 788 1785 isto
805 1749 914 1785 exilio
928 1749 1121 1796 peculiare
1136 1750 1191 1785 tui
1202 1751 1369 1787 muneris
1392 1762 1456 1786 nu-

67 1810 301 1846 trimentum.
337 1808 441 1845 Sicut
467 1807 624 1844 Elisaeus
657 1808 739 1852 ille⁷
767 1818 852 1843 cum
889 1814 1035 1854 patrem
1077 1808 1226 1844 videret
1265 1809 1455 1845 absentem

67 1868 216 1905 flamma
236 1867 432 1904 transferri
446 1894 456 1911 ‚
475 1867 562 1903 talia
579 1873 661 1913 post
677 1877 762 1903 eum
788 1867 926 1911 legitur
953 1867 1174 1902 acclamasse
1189 1876 1198 1901 t
1216 1879 1236 1902 «
1254 1866 1367 1903 Pater
1384 1869 1455 1912 mi,

66 1939 88 1963 »
113 1934 220 1974 pater
238 1927 302 1974 mi,
327 1936 461 1963 currus
478 1926 593 1961 Israel
613 1932 650 1961 et
669 1926 797 1970 auriga
823 1925 913 1970 ejus,
942 1925 1002 1960 cui
1020 1935 1081 1960 me
1099 1925 1267 1961 dimisisti
1283 1925 1326 1972 (a)
1343 1925 1383 1960 Ἰ»
1400 1927 1457 1962 lta

68 1992 105 2023 et
122 1987 239 2023 nostri
253 1986 414 2022 illustres
424 1986 438 2011 3
450 1984 634 2030 Apostoli,
649 1994 736 2019 cum
747 1984 948 2020 Salvatoris
961 1984 1078 2019 nostri
1095 1983 1309 2020 nubiferum
1324 1985 1359 2019 in
1371 1989 1457 2020 acre

68 2055 235 2082 carrucae
255 2044 496 2091 speculantur
521 2053 731 2088 ascensum,
750 2053 879 2088 parem
899 2042 1119 2078 attollebant
1139 2042 1353 2088 ejulantium
1373 2053 1457 2078 cor-

68 2104 170 2140 dium
183 2104 374 2151 unijugem
389 2103 568 2148 gemitum
583 2126 593 2145 ,
607 2101 740 2147 quibus
755 2101 946 2137 occultata
961 2100 1060 2137 nube
1077 2101 1254 2147 paulatim
1273 2101 1457 2147 altiusque

67 2163 265 2210 subducta,
276 2163 414 2209 ingenti
423 2163 511 2198 licet
522 2161 698 2198 aviditate
708 2160 1006 2196 auscultantibus
1016 2187 1027 2205 ,
1039 2161 1112 2196 duo
1123 2160 1300 2205 leguntur
1310 2161 1457 2196 Coclites

69 2229 191 2259 astare
209 2223 310 2260 stolis
333 2223 370 2258 in
390 2222 495 2265 albis,
507 2221 571 2266 qui
591 2220 826 2257 consolandis
838 2220 1007 2265 pandunt
1020 2226 1056 2256 et
1069 2226 1156 2266 apta
1172 2219 1223 2255 eis
1242 2220 1355 2255 verba
1366 2230 1455 2265 pro-

69 2283 230 2319 fundunt
246 2295 255 2318 ε
272 2282 489 2328 Usquequo,
502 2280 573 2316 viri
588 2279 744 2321 Galilaei,
759 2278 981 2315 mortalibus
1002 2278 1118 2314 oculis
1141 2279 1186 2314 ad
1211 2278 1458 2314 alienoslares

69 2343 166 2381 inani
187 2342 372 2378 levamine
391 2339 581 2386 fatigatis?
600 2339 775 2383 Quandiu
793 2338 952 2385 pupillas
968 2337 1078 2373 exiles
1091 2365 1100 2380 ‚
1119 2337 1371 2384 lacrymarum
1387 2338 1456 2372 im-

70 2402 139 2438 bre
159 2402 367 2444 consectas,
379 2399 426 2436 ad
440 2399 553 2435 divini
571 2398 744 2435 culminis
760 2397 887 2433 sedem
905 2395 1092 2432 incassum
1112 2395 1306 2432 attollitis?
1324 2395 1458 2432 Coelcs-

72 2467 148 2497 tem
167 2465 354 2496 extensam
371 2468 575 2502 cameram,
600 2457 696 2493 sicut
724 2456 888 2499 fumum,
913 2455 1114 2500 semipleno
1141 2460 1295 2502 aspectu
1323 2454 1458 2490 intueri

78 2519 246 2567 potestis.
261 2518 382 2555 Coelos
397 2524 523 2554 autem
537 2516 735 2560 melorum,
756 2515 820 2551 ubi
836 2519 959 2551 vester
974 2514 1169 2558 Dominus,
1189 2519 1281 2551 teste
1300 2514 1458 2557 oriente,

119 2605 166 2647 (a)
184 2603 202 2648 4
224 2607 302 2648 Reg.
321 2614 398 2647 xm,
420 2602 472 2647 ¹4·

125 2679 134 2696 ¹
157 2672 234 2706 Cod.
253 2684 351 2718 quas.
371 2687 413 2697 -
432 2677 445 2696 2
464 2670 512 2703 ld.
536 2669 747 2704 vestitura-c·
766 2683 809 2694 -
830 2666 843 2694 3
862 2668 908 2703 Id.
930 2667 1012 2704 male
1030 2666 1170 2701 illustri.
