1803 3276
339 310 419 346 112
758 314 790 344 s.
828 315 1056 344 At‘GUs'rth
1091 316 1268 345 EPISCOM

334 395 397 429 tas
429 383 693 429 luculentius
725 383 933 428 rutilavit.
962 382 1192 429 Descendit
1216 384 1416 444 princeps
1439 382 1724 442 Angelorumg

334 455 500 500 audivit
539 456 722 515 gemitus
765 456 1040 510 miserorum,
1072 465 1115 500 ct
1150 456 1271 500 venit
1305 455 1471 514 eripere
1504 454 1727 499 hominem

332 543 460 572 suum
479 527 533 572 dc
557 527 891 572 obscuritatibus
916 536 1206 587 peccatorum.
1227 529 1360 571 Totus
1377 527 1468 586 jam
1499 524 1543 568 in
1556 523 1728 570 inferno

333 597 524 642 mundns
540 598 736 658 jacebat3
757 597 1028 657 putrefactus
1061 597 1142 642 fuit
1166 595 1492 641 infirmitatibus
1517 595 1620 650 suis,
1646 595 1728 640 nisi

331 669 531 714 Christus
543 668 750 713 velociter
765 667 1056 713 descendisset
1073 668 1113 711 in
1128 668 1265 711 terris.
1283 665 1482 712 Contulit
1494 666 1620 711 nobis
1638 669 1729 712 Ma-

333 739 392 783 ria
424 739 554 797 Yirgo
578 738 847 798 praeeipuum
867 738 1118 799 grandoque
1143 737 1403 792 remedium,
1428 746 1479 781 ut
1500 737 1698 782 homines
1715 771 1726 793 ,

331 809 407 869 qui
423 809 630 870 jacebant
648 809 693 853 in
715 808 1004 869 profundum,
1031 808 1263 853 ascendere
1297 807 1536 853 meruerint
1554 808 1601 852 in
1635 823 1727 853 coe-

330 879 438 924 lum.
467 881 586 926 Licet
608 879 765 925 mulier
783 879 881 924 rudi
906 879 1050 924 adhuc
1073 878 1241 924 inundo
1265 879 1438 924 letalem
1461 879 1724 940 propinave-

332 960 397 997 rat
415 962 618 1008 mortem,
646 962 790 997 tamen
810 952 947 997 Maria
970 961 1116 997 nostra
1131 988 1141 1007 ,
1167 950 1273 996 dum
1297 951 1520 996 Christum
1542 950 1720 1009 genuit,

330 1024 546 1083 egregiam
557 1024 716 1068 meruit
726 1023 987 1068 libertatem.
1001 1023 1190 1068 Mittitur
1203 1023 1351 1084 itaque
1362 1022 1544 1067 nuntius
1553 1031 1729 1067 sanctus

329 1095 505 1140 Gabriel
534 1093 742 1155 Angelus.
771 1094 941 1140 Salutat
963 1094 1126 1139 coelum
1149 1094 1193 1138 in
1210 1103 1323 1139 terra
1344 1114 1351 1139 :
1383 1114 1402 1137 «
1421 1097 1529 1149 Ave,
1554 1093 1723 1154 inquit,

331 1182 352 1206 n
372 1166 523 1220 Maria,
541 1166 674 1224 gratia
698 1165 844 1225 plena3
870 1166 1080 1210 Dominus
1103 1174 1246 1210 tecum
1261 1169 1371 1221 (a).»
1401 1165 1469 1210 Sic
1487 1163 1603 1208 enini
1621 1178 1730 1208 con-

329 1237 469 1291 decet,
488 1245 538 1280 ut
551 1252 629 1294 ego
648 1236 821 1281 Domini
845 1236 930 1280 mei
949 1240 1134 1281 Matrem
1151 1236 1351 1281 salutem.
1380 1239 1474 1295 Ego
1491 1251 1587 1280 sum
1610 1234 1727 1280 elec-

327 1317 398 1351 tus
415 1307 566 1352 missus
589 1307 645 1351 ad
668 1316 731 1362 te,
759 1323 848 1351 non
869 1305 925 1351 ad
941 1307 1185 1363 Abraham,
1209 1323 1297 1352 non
1316 1306 1372 1351 ad
1393 1310 1509 1351 Isaac
1526 1342 1536 1362 ,
1563 1322 1653 1352 non
1670 1306 1725 1351 ad

327 1378 479 1422 Jacob.
501 1380 599 1422 Non
622 1376 737 1421 enim
751 1386 956 1436 poterant
969 1392 1039 1421 me
1057 1376 1220 1433 videre,
1243 1377 1319 1437 qui
1342 1376 1488 1437 adepti
1502 1386 1604 1422 sunt
1622 1392 1729 1422 con-

322 1450 512 1510 jugium.
538 1449 670 1509 Virgo
694 1449 814 1494 venit
826 1449 881 1494 ad
904 1448 1144 1509 Virginem,
1166 1448 1360 1509 Angelus
1379 1448 1435 1494 ad
1452 1449 1722 1494 dominicam

328 1520 607 1565 Genitrieem.
644 1519 775 1580 Aperi
807 1520 979 1564 aurium
998 1529 1173 1564 tuarum
1205 1535 1361 1565 curvos
1393 1518 1636 1575 anfractus,
1678 1528 1729 1564 ut

332 1592 493 1637 intrare
527 1591 734 1650 dignetur
759 1592 943 1651 Spiritus
979 1601 1153 1636 sanctus
1179 1606 1187 1632 z
1219 1611 1237 1635 «
1271 1590 1506 1636 Benedicta
1535 1600 1584 1636 tu
1605 1591 1721 1635 inter

329 1682 350 1705 »
374 1662 695 1719 mulieres(b)‚»
718 1663 820 1723 quia
840 1672 1132 1722 expavescunt
1150 1678 1299 1707 omnes
1317 1663 1530 1718 nationes,
1556 1671 1600 1707 et
1623 1662 1726 1723 ipsae

326 1734 533 1794 angelicae
557 1738 810 1779 Potestates.
834 1737 948 1779 Dum
979 1734 1196 1779 audierint
1223 1734 1427 1793 gentiles,
1454 1734 1556 1795 quia
1587 1734 1721 1793 Virgo

324 1804 541 1865 concepit,
568 1814 626 1861 et,
650 1804 757 1849 (lum
780 1805 919 1864 parit⁷
947 1804 1081 1863 Virgo
1115 1805 1373 1864 permansit,
1414 1814 1725 1850 convertentur

326 1877 381 1922 ad
399 1878 551 1932 fidem,
573 1877 674 1937 quia
695 1892 924 1937 nunquam
948 1876 1122 1936 penitus
1140 1879 1149 1902 ¹
1176 1876 1361 1922 audierit
1379 1887 1571 1937 partum,
1589 1886 1631 1922 et
1650 1893 1725 1922 na-

327 1960 419 1995 tum
432 1949 542 1994 vidit
560 1949 672 1994 inter
693 1950 891 1994 homines
907 1953 1061 1994 Deum.
1087 1949 1232 1993 Judzei
1253 1948 1400 1994 livoris
1423 1950 1587 1994 insania
1612 1949 1722 1994 invi-

324 2020 510 2076 debunt,
546 2020 622 2065 sed
644 2020 770 2065 nobis
791 2020 1029 2065 Dominum
1053 2020 1276 2065 Christum
1305 2021 1475 2066 auferre
1497 2037 1586 2066 non
1605 2021 1723 2066 vale-

323 2092 452 2147 bunt,
470 2092 549 2151 ipsi
562 2090 777 2135 increduli
791 2101 840 2135 ut
856 2091 1014 2136 volunt
1030 2090 1264 2151 perderent
1278 2092 1414 2148 (sic)‘².
1426 2127 1454 2136 ..
1472 2092 1606 2137 Nobis
1621 2091 1719 2153 pln-

323 2163 482 2206 rimuin
504 2161 777 2206 mirabilibus
800 2161 887 2206 suis
911 2177 1090 2206 munera
1113 2160 1259 2206 divina
1282 2162 1577 2223 resplendent.

384 2238 442 2279 ΙΙ.
481 2237 530 2278 ln
560 2234 609 2279 iis
637 2234 849 2279 virtutum
872 2232 1060 2287 indiciis,
1087 2234 1245 2294 quibus
1268 2234 1466 2293 virgineo
1486 2245 1640 2295 partu,
1671 2245 1722 2280 ut

321 2321 526 2350 coruscus
555 2303 740 2349 coelestis
765 2304 929 2348 ess'usus
957 2313 1020 2348 est
1043 2304 1239 2348 Christus
1259 2340 1269 2360 ‚
1305 2304 1500 2349 Verbum
1534 2305 1611 2350 Dei
1644 2322 1721 2367 per

323 2392 470 2420 aurem
493 2375 681 2435 Virginis
699 2375 815 2420 intus
837 2375 1079 2435 ingressum
1100 2375 1262 2421 viscera
1287 2375 1544 2436 integritatis
1563 2378 1721 2439 imple-

366 2475 411 2516 (αἶ
435 2477 512 2507 Luc.
537 2484 566 2515 1,
586 2473 640 2506 28.
663 2491 703 2496 -
731 2473 772 2514 (h)
789 2473 868 2506 lbid.

368 2548 378 2566 ¹
399 2544 537 2575 Erronea
555 2541 682 2573 videtur
701 2553 762 2573 vox
777 2541 941 2586 pwm‘wr.
966 2540 1139 2575 Crederem
1157 2541 1298 2576 ultiman
1318 2542 1466 2586 syllabam
1488 2543 1583 2577 fuisse
1596 2544 1716 2586 talem,

319 2598 387 2632 dum
412 2603 518 2631 autem
549 2599 669 2640 priores
697 2596 842 2629 mundus
864 2616 871 2629 .·
898 2597 928 2628 id
957 2602 1003 2629 ost
1025 2599 1106 2643 qnia
1130 2610 1305 2644 nimquam
1328 2598 1475 2631 tinnulus
1502 2601 1601 2632 talem
1628 2599 1720 2632 vidie

315 2663 465 2699 luo-tum.
505 2656 573 2686 Non
602 2653 736 2685 ‹lislicilis
769 2653 828 2685 fuit
857 2665 945 2685 error
970 2654 1097 2686 indocto
1131 2653 1260 2686 forsitan
1292 2655 1484 2686 amanuensi.
1530 2673 1571 2679 --
1615 2657 1717 2688 2naec

321 2709 441 2752 phrasis
462 2715 572 2742 trunca
594 2709 720 2741 ridetur
741 2714 769 2739 vt
789 2709 991 2751 incompleta.
