1803 3276
301 284 348 320 ts·
872 290 916 315 rr.
933 290 982 315 m*
995 290 1098 316 irio.

291 358 423 411 dices,
440 353 556 400 unde
570 368 710 399 sermo
724 355 971 413 assumitur,
985 358 1030 399 ⁶2⁰
1046 353 1388 400 autlienticitatis
1402 360 1677 413 argumenta,

291 430 336 473 3⁰
359 427 494 483 locus,
520 441 649 488 quein
688 434 894 470 tractatus
926 435 1074 471 tenere
1091 424 1272 470 deberet
1309 425 1353 469 in
1377 423 1679 470 Maurinorum

288 498 494 544 editione.
523 497 729 558 Sequitur
754 498 965 558 synopsis,
992 513 1096 559 qua,
1122 494 1177 542 ad
1200 496 1335 557 majus
1356 493 1539 556 legentis
1555 508 1681 540 com-

289 569 498 626 modum,
536 569 855 630 praenuntiatur
883 567 1101 631 quidquid
1128 568 1174 613 in
1202 568 1329 612 variis
1363 565 1563 628 capitulis
1591 565 1682 612 sive

290 641 482 688 numeris
504 640 769 685 continetur.
792 640 859 685 Ad
882 641 1044 686 calcem
1059 656 1161 685 vcro
1179 639 1437 700 paginarum
1455 637 1682 700 rejecimus

288 714 502 760 variantes
527 711 729 757 codicum
759 711 966 761 lectiones
982 747 993 769 ,
1028 721 1071 758 ct
1098 720 1259 757 sanctae
1284 710 1518 773 Scripturae
1540 708 1682 756 libro-

288 801 384 830 runi
408 793 450 828 ct
471 797 675 827 versuum
697 780 1025 828 indicationem.

345 857 464 900 XIV.
493 857 637 899 L'nuni
662 862 807 898 autem
830 869 948 900 nunc
973 862 1183 914 superest,
1209 852 1374 899 scilicet
1398 861 1448 898 ut
1469 865 1607 915 pauca
1625 849 1681 896 de

285 926 487 973 codicum
518 934 760 980 vetustate,
791 925 876 970 fide
901 935 944 970 ct
973 925 1242 970 correctione
1278 925 1682 984 prceiioteinus.Ve-

287 1008 492 1045 tustatcin
522 997 831 1058 plerorumque
853 996 909 1042 ad
930 996 1214 1043 undecimum
1237 996 1451 1042 saeculum
1484 994 1681 1040 referen-

284 1070 385 1115 dam
403 1077 621 1131 putamus,
649 1084 902 1130 quanquam
924 1067 1103 1129 plurimi
1126 1068 1397 1129 antiquiores
1419 1067 1589 1129 possint
1604 1067 1682 1129 ju-

284 1141 417 1187 dicari
435 1177 445 1196 ,
471 1150 520 1186 ut
541 1138 688 1185 videre
711 1149 775 1184 est
796 1157 846 1185 cx
870 1139 1020 1185 tabula
1041 1139 1246 1186 codicum
1267 1139 1381 1185 infra
1403 1147 1633 1201 stampata.

342 1214 439 1258 XV.
476 1212 604 1257 Fides
627 1221 772 1256 autem
787 1247 798 1267 ,
824 1226 874 1255 ex
895 1211 1154 1277 antiquitate
1163 1212 1253 1273 jam
1272 1210 1321 1255 iis
1337 1220 1493 1256 asserta
1510 1247 1520 1266 ,
1547 1211 1686 1271 major

283 1284 426 1330 adhuc
447 1299 497 1327 ex
527 1281 781 1326 eorumdem
809 1298 911 1326 cum
943 1281 1034 1326 aliis
1059 1281 1207 1327 multis
1242 1283 1464 1327 variorum
1493 1284 1685 1342 Europae

284 1355 651 1400 bibliothecarum
679 1352 985 1398 conformitate
1020 1353 1194 1411 evadit,
1220 1354 1279 1398 sic
1313 1352 1522 1414 pleraque
1556 1368 1684 1399 sanc-

284 1442 381 1472 rum
406 1426 636 1471 doctorum
658 1433 870 1484 stampata
887 1425 974 1469 huc
992 1440 1132 1486 usque
1154 1440 1302 1485 opera,
1323 1425 1488 1485 paucis,
1510 1433 1554 1469 ct
1570 1439 1686 1485 saepe

284 1514 374 1544 non
405 1497 652 1553 immerito,
688 1496 981 1552 variantibus,
1009 1496 1054 1541 in
1085 1496 1134 1541 iis
1152 1496 1309 1542 nostris
1327 1505 1567 1542 occurrunt
1590 1511 1687 1542 ma-

284 1570 543 1631 nuscriptis,
567 1569 626 1615 sic
656 1569 701 1613 in
724 1567 806 1613 illis
838 1567 1020 1628 legitur,
1046 1568 1195 1629 paucis
1217 1569 1412 1625 mutatis,
1448 1567 1684 1615 duodecim

283 1658 518 1698 sermones,
538 1641 613 1704 qui
636 1657 659 1686 a
685 1640 895 1700 Dyonisio
912 1656 966 1686 ex
988 1641 1230 1687 Venetiana
1251 1639 1520 1686 bibliotheca
1543 1655 1685 1701 nuper

283 1714 398 1761 edita
420 1713 600 1759 fuerunt
619 1734 629 1771 3
661 1712 720 1758 sic
742 1710 888 1773 plures
920 1712 966 1758 in
988 1711 1240 1758 biblotheca
1261 1713 1553 1758 Laurentiana
1576 1711 1684 1759 Flo-

282 1787 434 1833 rentiae
458 1786 751 1847 reperiuntur,
785 1795 828 1830 et
862 1801 964 1830 cum
1000 1785 1202 1831 Montis·
1220 1785 1384 1831 Cassini
1415 1784 1682 1833 lectionibus

282 1858 488 1906 lectiones
506 1856 740 1902 Florentiae
752 1872 843 1902 non
859 1856 1072 1902 inutiliter
1085 1855 1322 1918 aliquando
1337 1856 1620 1903 contulimus.

340 1932 460 1976 XVI.
486 1928 643 1984 Quoad
660 1944 764 1974 vero
793 1928 1049 1975 eorumdem
1079 1929 1397 1974 correctionem
1413 1964 1424 1985 ,
1451 1927 1599 1975 nullus
1621 1937 1686 1976 cst

282 2003 459 2058 doctus,
505 2001 582 2063 qui
604 2001 766 2046 nesciat
789 2000 962 2062 quantis
1001 2000 1158 2061 saepius
1193 2000 1363 2045 mendis
1394 2010 1561 2047 veteres
1590 2016 1686 2047 sca-

283 2076 450 2122 turiant
469 2073 656 2129 codices,
677 2074 736 2118 ita
752 2082 802 2118 ut
815 2088 1100 2119 amanuenses
1116 2072 1250 2118 modo
1269 2071 1553 2119 similitudine
1566 2072 1687 2120 litte-

284 2161 430 2193 rarum
452 2144 622 2205 decepti
643 2144 830 2189 verbum
848 2159 988 2188 tinum
1011 2143 1057 2188 in
1075 2142 1251 2190 alterius
1268 2143 1416 2190 locum
1438 2146 1682 2206 posuerint3

284 2216 417 2264 modo
444 2226 590 2262 autem
619 2214 911 2260 involuntaria
941 2213 1229 2275 negligentia,
1272 2225 1349 2261 aut
1380 2215 1684 2276 praemeditato

284 2303 428 2335 errore
448 2287 716 2342 laborantes,
750 2294 914 2347 puncta
932 2301 983 2330 cx
1004 2301 1093 2331 uno
1119 2284 1216 2331 loco
1230 2286 1275 2330 in
1289 2285 1476 2332 alterum
1490 2303 1579 2333 non
1591 2287 1684 2333 sine

284 2374 433 2406 sensus
455 2358 708 2419 praejudicio
726 2355 1053 2415 transtulerint,
1079 2355 1210 2402 modo
1227 2357 1385 2403 mentis
1402 2356 1683 2404 distractione

284 2429 577 2492 prmoccupafi
607 2444 696 2474 non
716 2428 850 2473 verba
873 2425 1014 2472 solum
1032 2463 1042 2483 ,
1079 2427 1220 2472 sedet
1251 2427 1409 2484 lineas,
1439 2437 1484 2473 et
1514 2428 1681 2489 integra

285 2501 598 2550 sententiarum
620 2500 813 2545 membra
833 2498 1203 2557 transcenderint3
1228 2500 1346 2544 unde
1367 2500 1538 2545 codices
1561 2517 1680 2546 nunc

288 2572 540 2618 rescribenti
567 2570 748 2616 cuilibet
785 2586 874 2615 non
912 2585 1096 2630 parvum
1119 2586 1228 2631 opus
1259 2570 1500 2626 incumbit,
1533 2587 1679 2616 veram

288 2660 363 2690 scu
381 2643 599 2689 variorum
618 2640 848 2688 collatione
863 2639 1064 2686 codicum
1082 2676 1092 2696 ,
1118 2657 1192 2687 scu
1208 2639 1426 2701 profunda
1450 2650 1678 2688 contextus
