1803 3276
299 251 355 293 32
732 259 767 290 3.
803 256 1034 291 Aucusrmt
1065 259 1248 290 131³1scom

297 330 398 387 moi,
422 342 532 390 opus
553 343 680 375 suum
702 331 843 392 perire
864 332 1069 392 patiatur,
1095 331 1187 375 aut¹
1211 326 1421 372 fabricam
1446 337 1569 370 suam
1591 323 1686 370 rui-

297 417 366 446 nae
394 402 550 456 tradat,
578 411 652 446 aut
675 402 813 447 {ilium
836 418 967 463 quein
993 401 1144 461 genuit
1160 401 1205 444 in
1228 398 1399 444 foveam
1425 396 1576 441 mortis
1598 395 1685 440 iln-

295 474 462 534 pingat.
492 473 533 518 si
551 473 596 517 in
614 475 788 518 homim-
807 475 884 518 ista
909 473 1245 518 crudelitasnon
1269 479 1348 525 est,
1383 465 1608 530 quomodo
1640 467 1687 512 in

296 548 387 590 Deo
407 545 539 590 fuisse
560 545 776 590 credenda
799 548 881 591 est²
899 582 909 602 ‚
931 545 1007 607 qui
1033 544 1243 589 fabricam
1273 556 1395 587 suam
1413 575 1423 595 ,
1449 538 1495 584 id
1516 547 1581 583 est
1603 539 1688 584 ho·-

294 617 472 671 minem,
499 616 612 661 bene
629 617 858 677 disposuit,
886 627 928 662 ct
942 615 1206 661 imminenti3
1226 615 1318 675 ejus
1337 611 1475 657 ruinae
1494 609 1689 656 destina·-

295 688 414 733 1i0nc
436 688 640 748 praecepti
658 689 671 714 ⁴
696 688 904 744 suffulsit,
931 704 986 733 ne
1007 687 1213 733 caderet?
1245 684 1331 731 Sed
1358 693 1470 729 stare
1496 697 1586 728 non
1602 697 1687 743 po-

295 760 402 816 tuit3
441 761 603 819 qual-ei)
633 759 736 819 qnia
771 759 922 803 audire
956 758 1113 804 noluit.
1149 755 1265 811 Quid
1283 771 1386 815 ergo
1419 755 1688 816 imputamus

295 833 401 885 Deo,
428 830 461 873 si
479 829 622 874 Adam
640 828 813 886 cecidit,
840 830 915 893 qui
934 839 983 875 ut
1004 828 1179 874 caderet
1195 835 1468 891 praeceptum
1483 826 1562 872 Dei
1577 841 1688 872 con·-

299 902 474 962 tempsit
487 903 505 946 P

355 975 431 1019 lv.
458 973 536 1018 Dic
556 972 664 1018 mihi
692 991 701 1020 ε
732 973 862 1019 arbor
882 974 973 1034 ipsa
991 973 1109 1019 bona
1132 970 1217 1018 fuit
1236 1007 1246 1028 ‚
1271 987 1327 1017 an
1348 969 1485 1017 mala⁵
1503 971 1522 1016 P
1542 968 1690 1016 dictu-⁴

294 1060 367 1090 rus
390 1059 433 1089 es
459 1044 612 1106 utique
634 1044 746 1091 mala
764 1080 775 1101 ‚
800 1044 855 1090 de
877 1061 964 1107 qua
985 1045 1120 1091 homo
1137 1059 1323 1106 pomum
1344 1041 1558 1104 rapiendo
1576 1057 1688 1103 epu-

292 1115 406 1161 latus
431 1126 494 1161 est
516 1118 747 1161 mortemss.
774 1119 889 1176 Ergo
919 1116 1049 1162 arbor
1078 1115 1163 1162 fuit
1179 1115 1309 1172 mala,
1333 1131 1389 1160 an
1407 1114 1689 1175 transgressio

293 1186 518 1232 mandati?
537 1186 668 1247 plane
690 1187 843 1246 arbor3
869 1204 969 1233 nam
1001 1188 1037 1233 si
1068 1187 1181 1233 mala
1209 1203 1298 1233 non
1316 1186 1492 1242 fuisset,
1518 1184 1690 1231 homini

292 1268 478 1303 mortem
496 1274 585 1302 non
607 1259 920 1319 propinasscffl.
940 1261 1044 1305 Haec
1068 1260 1174 1305 dicis
1188 1275 1278 1304 non
1300 1258 1532 1304 intendens
1545 1257 1689 1303 virtu-

292 1339 379 1374 tem
407 1330 726 1389 seripturarum
741 1350 751 1388 3
768 1345 868 1374 nain
893 1330 1006 1375 sicut
1027 1332 1237 1391 scriptum
1255 1340 1320 1376 est
1341 1350 1348 1377 :
1370 1331 1415 1375 in
1436 1329 1510 1374 illa
1533 1329 1690 1375 arbore

292 1400 400 1445 fuit³
429 1399 769 1460 «dignoscentia
797 1401 903 1446 boni
937 1410 981 1446 et
1010 1401 1113 1445 mali
1135 1403 1204 1460 (a)
1221 1437 1231 1457 ,
1255 1419 1276 1443 »
1318 1402 1448 1445 item⁹
1478 1401 1688 1462 scriptum

291 1482 356 1532 qst
378 1492 386 1519 :
414 1491 434 1515 «
453 1474 510 1516 Et
530 1471 641 1517 vidit
657 1475 772 1517 Deus
790 1488 889 1534 quae
906 1470 1009 1517 fecit
1026 1481 1070 1517 et
1087 1466 1211 1517 erant
1226 1474 1259 1499 ¹⁰
1283 1472 1400 1517 bona
1419 1470 1547 1517 valde
1564 1469 1647 1531 (b).
1663 1489 1686 1516 »

293 1543 410 1589 Illud
433 1543 587 1599 credis,
613 1544 735 1606 quod
751 1553 793 1588 te
815 1544 861 1588 in
885 1558 1074 1589 errorem
1098 1543 1305 1599 inducat,
1331 1552 1374 1587 et
1396 1543 1480 1588 hoc
1502 1541 1624 1605 quod
1644 1551 1689 1589 te

291 1615 347 1660 ad
368 1616 635 1661 sanitatcni¹¹
659 1615 870 1676 perducat
891 1631 982 1661 non
1005 1615 1170 1661 credis?
1189 1616 1253 1661 vis
1274 1631 1399 1660 nosse
1421 1615 1499 1677 qui
1516 1614 1689 1660 calum-

291 1687 447 1743 niaris,
478 1686 582 1748 quia
613 1686 744 1731 arbor
765 1685 839 1731 illa
873 1702 962 1732 non
985 1685 1070 1732 suit
1091 1686 1204 1732 mala
1222 1723 1233 1743 ,
1259 1686 1336 1732 sed
1368 1687 1513 1745 bona3
1538 1701 1619 1731 nee
1640 1685 1689 1731 in

292 1773 342 1803 ea
363 1755 476 1803 facta
499 1767 563 1802 est
584 1773 607 1804 a
634 1760 726 1802 Deo
748 1773 886 1814 mors,
913 1758 989 1804 scd
1009 1759 1142 1803 homo
1165 1759 1247 1803 sibi
1275 1767 1462 1804 mortem
1494 1758 1689 1804 creavit?

292 1831 477 1875 Ferrum
493 1838 522 1854 ¹²
541 1829 708 1873 bonum
730 1838 809 1885 est,
835 1845 890 1874 an
912 1829 1104 1874 malum?
1120 1829 1213 1874 sine
1235 1829 1373 1877 dubio
1391 1829 1589 1876 dicturus
1610 1844 1655 1875 es
1674 1847 1685 1877 ι

291 1899 474 1945 Malum.
500 1903 643 1955 Quare
665 1899 853 1957 malum,
883 1910 926 1946 et
947 1918 1038 1947 non
1059 1901 1244 1958 bonum,
1273 1917 1374 1947 cum
1410 1902 1556 1947 omnia
1586 1916 1688 1963 quae

291 1969 395 2018 feeit
411 1973 526 2017 Deus
539 1972 654 2018 bona
669 1973 755 2018 sint
771 1972 800 1997 ¹³
817 1971 972 2019 valde?
993 1989 1129 2036 quare
1144 1974 1175 2007 ¹4
1192 1974 1363 2020 bonum
1380 1973 1487 2020 dicis
1501 1989 1591 2020 esse
1603 1971 1690 2019 ser-

335 2069 381 2112 (a)
397 2071 475 2103 Gen.
494 2081 529 2113 n,
552 2080 602 2114 ¹7·
622 2087 665 2094 -
689 2068 735 2114 (h)
751 2070 799 2104 Id.
821 2080 850 2114 1,
871 2070 926 2104 31.

339 2143 348 2160 ¹
366 2138 444 2170 Cod.
460 2136 543 2170 male
561 2144 661 2170 ut.—
687 2144 699 2160 ²
714 2137 797 2170 Edit.
825 2149 884 2171 nec
901 2138 934 2171 in
954 2139 1026 2171 Deo
1050 2137 1172 2172 credas
1185 2138 1310 2184 sitisse.
1331 2156 1374 2164 --
1401 2137 1414 2163 3
1427 2140 1504 2174 Cod.
1523 2139 1608 2173 male
1629 2140 1688 2174 im·

291 2193 520 2227 nu‘nentiae.—-
537 2192 553 2218 6
566 2193 649 2226 Edit.
665 2193 747 2227 male
762 2193 926 2228 destinam
939 2197 1121 2240 praeceptt'3
1141 2195 1225 2229 unde
1239 2197 1421 2239 abjicienda
1429 2197 1524 2231 docta
1538 2197 1683 2243 quidem,

289 2250 346 2283 sed
366 2249 481 2282 inutilis
497 2253 591 2292 nota,
615 2250 655 2283 ad
671 2250 854 2284 inferiorem
872 2251 993 2294 paginae
1006 2253 1180 2296 marginem
1198 2254 1357 2297 apposita.
1382 2271 1424 2278 —-
1449 2252 1464 2278 5
1478 2255 1556 2287 eod.
1579 2254 1684 2288 minus

290 2305 375 2339 bene
396 2318 402 2338 :
423 2317 467 2338 (m
487 2317 550 2339 non
563 2306 583 2339 :''
609 2323 649 2329 --
672 2304 688 2329 6
701 2307 834 2340 Maurini
851 2307 934 2340 male
953 2319 960 2340 ε
987 2309 1147 2341 Dicturus
1166 2320 1200 2341 es
1215 2322 1225 2341 :
1243 2308 1342 2342 Μαῖα
1357 2335 1366 2351 ,
1391 2309 1480 2342 mala
1500 2312 1626 2356 utique,
1642 2309 1686 2346 de

290 2373 356 2409 qua
372 2361 468 2394 homo
491 2373 622 2406 pomum
639 2361 799 2406 rapiendo
816 2363 994 2397 mucltatus
1012 2372 1061 2397 esc
1084 2372 1203 2398 mot-te.
1230 2365 1317 2397 Prius
1336 2365 1413 2398 editi
1431 2367 1535 2410 pejori
1556 2366 1651 2401 modo
1672 2378 1682 2402 ε

291 2419 446 2450 Mutatus
463 2419 558 2450 estin
576 2426 727 2451 mortem.
742 2421 888 2451 Nostram
905 2420 1078 2453 lectionem
1087 2431 1197 2453 verani
1209 2425 1439 2464 esseliaffet.—
1452 2429 1466 2455 7
1477 2422 1561 2456 Edit.
1579 2422 1680 2457 male:

291 2471 397 2505 Adam
414 2484 479 2505 non
496 2473 683 2507 cecidisset.
703 2477 781 2507 Cum
802 2477 916 2508 nostris
935 2476 1104 2509 Codicibus
1122 2477 1298 2509 concordat
1315 2479 1380 2509 MS.
1402 2479 1676 2522 Compendiensis.

291 2546 332 2552 -
347 2527 362 2551 3
382 2529 588 2572 lidibsiu'ssoe
608 2529 886 2573 dzgnoscentiusn.
904 2550 946 2555 ·--
964 2541 978 2564 f)
990 2533 1072 2565 Edit.
1095 2534 1154 2565 ila.
1170 2551 1211 2556 —
1234 2540 1263 2556 ¹0
1280 2534 1363 2566 Edit.
1379 2546 1466 2567 ecce.
1480 2552 1522 2558 -·
1551 2542 1576 2560 ¹¹
1596 2536 1680 2570 Edit.

291 2584 489 2617 salutenz.—
506 2591 536 2608 ¹²
551 2586 633 2618 Edit.
648 2586 770 2619 habent
786 2600 792 2620 ε
811 2589 875 2622 Dic
889 2588 984 2633 mihi,
1000 2587 1254 2623 Calumniator:
1268 2589 1422 2634 fibrium,
1432 2594 1544 2625 etc.—
1560 2589 1590 2616 ¹3
1602 2591 1679 2626 eod.

291 2641 372 2676 male
385 2648 473 2676 sunt.
489 2658 531 2668 —·
559 2639 589 2672 ¹4
605 2642 686 2676 Edit.
706 2643 813 2688 quale.
