1803 3276
284 292 362 328 188
713 302 746 328 s¹
784 298 1014 327 AUGUSTINI
1049 297 1229 327 EPISCOPI

277 380 408 411 cruce
423 365 584 410 Christi
613 363 703 410 nou
725 364 865 410 solum
888 365 1016 409 unius
1031 364 1151 425 pomi
1169 364 1298 408 arbor
1314 360 1559 422 replantata
1576 370 1640 405 est
1653 396 1666 416 ,

277 454 378 499 quae
400 438 541 498 primo
574 438 739 483 homini
763 438 996 494 ingesserat
1033 445 1245 491 mortem,
1272 434 1348 479 sed
1378 442 1495 478 totus
1524 431 1673 476 denuo

277 508 508 553 innovatus
529 517 594 553 est
617 507 867 561 paradisus,
896 504 1078 567 quando
1100 505 1297 551 introivit
1320 508 1451 550 Latro
1469 500 1544 548 ille
1560 536 1572 557 ‚
1592 501 1671 562 qui

277 595 378 624 cum
405 595 456 624 eo
479 579 612 624 semel
634 578 778 622 suerat
799 578 1044 622 crucifixus.

294 690 297 691 γ
337 653 390 696 V.
426 653 464 696 O
493 654 609 695 Mors
626 686 637 705 ,
673 666 698 694 o
722 647 904 694 Diabole
921 685 932 705 ,
964 648 1073 711 quid
1101 648 1238 693 dicis?
1261 646 1394 701 Quasi
1415 646 1470 691 de
1491 645 1673 690 victoria

278 732 351 767 tua
386 723 569 776 laetaris‚
607 722 709 782 quia
746 722 970 767 Christum
1006 719 1299 765 immortalem
1335 717 1549 778 conspicis
1582 731 1673 761 esse

276 793 520 838 mortalem.
570 793 794 839 Christum
825 808 958 853 quem
990 791 1111 836 vides
1143 789 1416 836 descendisse
1450 788 1505 833 ad
1536 788 1674 832 infer-

278 880 410 919 num,
462 863 664 909 festinato
696 865 839 924 pergit
876 863 1043 908 solvere
1073 862 1248 907 vincula
1282 861 1584 922 captivorum,
1629 868 1674 904 et

275 950 463 980 vacuum
483 935 667 979 reddere
689 935 734 980 in
755 934 930 980 inferno
953 933 1200 979 dominium
1228 942 1355 977 tuum
1371 967 1382 988 ,
1409 941 1458 976 ut
1478 932 1569 992 ipse
1585 966 1596 986 ,
1622 939 1674 974 ut

276 1007 532 1052 fortissimus
560 1008 702 1066 gigas,
741 1008 817 1068 qui
852 1017 894 1052 te
928 1006 1149 1067 superavit
1174 1006 1220 1050 in
1256 1003 1502 1059 mundum,
1546 1002 1673 1048 velox

276 1080 331 1123 ad
365 1079 626 1124 currendam
649 1079 763 1123 viam
783 1088 1032 1139 penetraret
1061 1088 1104 1122 et
1137 1079 1183 1122 in
1204 1075 1426 1121 infernum
1444 1111 1456 1130 ,
1480 1076 1531 1119 ut
1552 1084 1595 1119 et
1616 1074 1673 1118 de

276 1167 409 1195 manu
440 1161 514 1195 tua
536 1151 713 1210 eripiat,
746 1167 854 1211 quos
885 1151 1063 1195 tenebas
1080 1186 1090 1205 ,
1118 1158 1163 1193 et
1188 1158 1231 1194 te
1260 1148 1315 1193 ab
1338 1147 1493 1193 eodem
1516 1161 1673 1206 perpe-

275 1232 401 1266 tuum
435 1221 634 1265 damnari
663 1221 826 1266 videas.
862 1224 976 1266 Ecce
1003 1223 1095 1281 jam
1129 1221 1254 1264 tertia
1288 1219 1359 1263 dic
1393 1217 1626 1263 resurrexit
1648 1233 1672 1262 a

274 1292 473 1347 mortuis,
494 1301 545 1336 ut
566 1307 714 1336 veram
737 1290 886 1347 fidem,
912 1306 1046 1352 quam
1064 1290 1338 1350 promiserat,
1365 1287 1569 1333 redderet
1586 1288 1672 1332 suis

274 1362 503 1423 Discipulis
520 1399 531 1419 ,
567 1372 611 1407 et
632 1362 837 1407 omnibus
859 1363 905 1407 in
927 1377 971 1407 se
994 1361 1275 1407 credentibus
1297 1358 1572 1407 manifestam
1590 1360 1671 1405 tri-

273 1434 382 1478 buat
403 1433 586 1493 gloriam
609 1434 730 1492 regni
753 1432 958 1478 coelestis.

271 1605 341 1620 ΜΛΔ
347 1605 412 1621 m!
417 1605 555 1621 wvm!
560 1603 625 1622 m
629 1605 698 1621 &W
702 1602 912 1621 mm}
916 1605 983 1621 ὐἱΜ
987 1601 1411 1621 ἰἸΜΜΛὶΜΜΛΝἎΜἋ
1416 1600 1554 1617 mm
1558 1600 1625 1616 m
1629 1600 1665 1616 Ἃ

703 1758 923 1808 SERMO
977 1760 1224 1810 XXXIII.

585 1924 649 1967 De
672 1923 836 1968 Pascha
862 1925 973 1970 XIII
996 1923 1053 1970 ad
1073 1925 1344 1986 Neophytos.

318 2069 379 2115 H
375 2087 467 2116 unc·
480 2069 713 2117 habemus
726 2088 790 2117 ex
808 2069 927 2118 Cod.
959 2073 1098 2119 Cass.
1115 2072 1304 2137 x11,sbl.
1325 2080 1423 2119 190.
1439 2072 1634 2121 Nomen
1645 2110 1660 2131 ,

270 2151 314 2186 et
337 2141 559 2189 doctrina.
579 2152 625 2187 et
646 2141 816 2188 modus
836 2142 1080 2189 scribendi
1098 2154 1322 2190 sanctum
1336 2146 1661 2208 Augustc'num

269 2212 516 2259 denotant.
544 2213 818 2261 Collocetm·
833 2225 945 2276 post
961 2214 1317 2276 praecedentem
1335 2233 1443 2263 cam
1460 2233 1659 2263 numero
1680 2224 1685 2225 ⁷

269 2284 329 2330 (le
349 2285 553 2332 Pascha
577 2306 702 2333 xvm.
