1803 3276
334 270 388 306 98
768 283 802 307 s.
839 280 1066 308 Accusnm
1101 283 1280 309 El‘tscOl’l

327 343 396 403 cip
416 352 507 398 tur,
535 360 613 389 nec
643 354 787 390 tamen
819 346 1041 405 virginitas
1067 347 1271 392 violatur.
1297 349 1482 391 Necesse
1507 355 1600 390 erat
1617 347 1648 400 ¹,
1671 352 1718 388 ut

329 416 418 458 Deo
441 425 643 460 nascente
673 416 874 461 meritum
905 428 1117 463 cresceret
1145 418 1372 474 eastitatis,
1411 433 1490 461 nec
1514 432 1590 477 per
1626 416 1717 476 ejus

328 483 565 531 adventum
579 486 844 532 violarentur
869 489 1050 548 integra,
1071 491 1148 550 qui
1170 499 1347 536 venerat
1363 502 1717 546 sanai·e¹c01·i·np-

331 558 414 600 1:1².
453 559 586 602 Natus
618 574 725 617 puer
760 560 936 619 ponitur
968 560 1010 603 in
1045 576 1257 620 praesepe,
1290 570 1332 604 et
1374 562 1466 604 lime
1505 568 1608 604 sunt
1641 556 1718 602 Dei

328 629 463 687 prima
479 629 716 685 cunabula,
736 646 814 673 nee
834 635 1050 690 Regnator
1072 631 1170 675 ‹fu-li
1196 633 1269 675 lias
1287 631 1540 690 indignatur
1558 644 1717 687 angus-

329 701 421 755 tias,
448 702 517 744 eui
544 701 623 745 suit
646 702 864 759 virgineus
881 711 1032 746 venter
1055 702 1261 746 idoneum
1289 701 1603 747 habitaculum.
1627 703 1720 746 Stat

326 781 554 815 exonerata
574 771 686 815 felici
708 788 838 816 onere
857 774 989 817 Maria
1010 810 1019 827 ,
1055 784 1092 817 et
1120 784 1299 817 matrem
1315 790 1358 818 se
1372 774 1514 817 lwtam
1535 788 1719 831 cognos-

326 841 400 895 cit,
426 858 524 902 quae
552 858 594 886 sc
619 842 753 887 nescit
772 859 966 888 uxorem.
991 843 1074 889 Sed
1094 844 1269 889 inl'antis
1293 860 1427 902 genus
1453 844 1559 888 foeta
1582 843 1714 887 mira—

325 921 412 967 tur,
444 923 486 957 ct
509 913 562 957 (le
597 914 756 973 Spiritu
797 916 970 960 saneto³
994 912 1222 975 protulisse
1244 932 1288 960 se
1313 915 1494 973 gaudet3
1520 932 1599 960 nec
1617 914 1719 975 quia

324 985 492 1044 peperit
520 985 703 1045 innupta
734 995 944 1043 terretur,
969 988 1045 1032 sed
1078 989 1179 1049 quia
1210 987 1410 1047 genuerit
1439 990 1579 1031 Deum
1613 1002 1719 1032 con-

324 1055 434 1101 sessa
458 1055 646 1101 laetatur.

357 1131 415 1173 ll.
427 1130 540 1173 Cum
555 1128 670 1172 enim
683 1127 856 1174 debitus
873 1129 1104 1176 Salvatoris
1121 1130 1281 1175 saeculo
1296 1138 1546 1191 properaret
1561 1127 1718 1173 adven-

322 1209 412 1254 tus,
439 1199 721 1244 otmundum
743 1217 873 1245 suum
907 1201 1073 1246 meliori
1110 1203 1186 1247 Dei
1215 1201 1308 1260 lege
1337 1210 1632 1256 construeret,
1676 1210 1720 1245 et

320 1270 600 1329 propheticus
613 1286 753 1315 sermo
767 1271 1009 1317 declaratus
1020 1273 1105 1317 fide
1114 1289 1190 1333 per
1204 1289 1278 1319 ora
1292 1274 1489 1333 gentium
1498 1271 1714 1327 volitaret,

318 1340 370 1384 acl
388 1341 570 1386 Mariam
582 1340 795 1400 virginem
811 1343 995 1402 Spiritus
1013 1353 1186 1388 sanetus
1205 1344 1337 1399 venit,
1352 1344 1464 1389 sicut
1478 1343 1533 1388 ab
1547 1342 1717 1402 Ange-lo

318 1410 463 1456 fuerat
487 1421 587 1457 ante
610 1412 871 1473 proedictum
904 1434 912 1459 :
949 1435 968 1458 ι(
994 1415 1177 1475 Spiritus
1206 1426 1382 1461 sanctus
1410 1415 1559 1460 veniet
1588 1430 1718 1476 super

321 1503 342 1526 »
370 1494 432 1540 tc,
458 1494 501 1529 ct
516 1485 652 1531 virtus
671 1485 876 1530 Altis-simi
901 1488 1186 1532 obumbrabit
1213 1488 1305 1532 tibi.
1336 1492 1571 1548 Propterea
1594 1484 1716 1548 quod

321 1576 340 1599 »
362 1568 563 1604 nascetur
585 1569 691 1604 exte
716 1563 941 1616 Sanctum,
957 1561 1187 1605 vocabitur
1211 1560 1348 1606 Filius
1364 1560 1570 1605 Altissimi
1585 1561 1670 1618 (a).
1692 1576 1712 1600 »

314 1632 432 1690 Ergo
460 1630 615 1675 merito
636 1645 792 1689 magno
815 1631 1036 1677 credimus
1053 1668 1063 1687 ,
1089 1633 1191 1692 quia
1214 1647 1372 1691 magna
1395 1631 1558 1676 virtute
1584 1644 1713 1690 gene-

316 1713 437 1749 ratur
451 1739 462 1758 ,
493 1712 535 1747 et
563 1703 643 1747 rite
666 1702 711 1747 in
733 1704 824 1763 ejus
846 1703 1040 1748 adventu
1061 1702 1253 1748 coelestia
1270 1717 1548 1758 veneramur,
1582 1716 1716 1762 quem

314 1775 370 1820 de
399 1775 512 1820 coelo
544 1776 710 1821 venisse
740 1777 1066 1835 cognoscimus,
1090 1791 1223 1837 quem
1247 1775 1445 1834 genitum
1475 1773 1553 1819 Dei
1577 1774 1714 1819 Patris

313 1859 357 1895 et
381 1848 563 1909 Spiritus
585 1849 719 1893 sancti
743 1848 904 1893 virtute
926 1848 1242 1908 comperimus,
1269 1857 1318 1892 ut
1342 1847 1591 1891 firmaretur
1616 1845 1713 1890 Tri-

313 1922 439 1978 nitas,
465 1922 510 1966 in
527 1930 652 1966 utero
673 1922 890 1966 sanctitas.
911 1921 1112 1967 Nascitur
1137 1920 1348 1975 Salvator,
1370 1929 1414 1964 et
1442 1918 1541 1964 solis
1560 1934 1710 1964 cursus

313 2003 511 2054 augetur.
537 1995 717 2039 Necesse
739 2001 869 2037 estut
893 2008 944 2037 ex
971 1993 1053 2037 hac
1080 1992 1151 2036 die
1181 2000 1347 2036 crescat
1379 1989 1612 2051 splendor,
1637 1989 1714 2051 qui

312 2081 415 2111 cum
436 2081 596 2125 magno
617 2065 784 2109 lumine
806 2063 1044 2123 egreditur.

372 2141 454 2182 ΙΙΙ.
469 2136 553 2183 Sed
567 2137 787 2181 videamus
809 2135 905 2197 quis
915 2151 1003 2180 esse
1012 2134 1192 2179 nuntius
1208 2142 1365 2194 potest,
1381 2133 1459 2195 qui
1473 2133 1529 2177 de
1546 2131 1713 2178 Nativi-

309 2219 397 2255 tate
413 2208 644 2255 Salvatoris
672 2208 790 2253 testis
812 2207 1026 2252 existeret.
1049 2206 1208 2266 Utique
1231 2204 1355 2250 stella
1378 2204 1432 2249 de
1457 2203 1570 2250 coelo
1589 2225 1599 2263 3
1631 2220 1711 2249 ne-

307 2295 425 2326 cesse
446 2289 511 2324 est
531 2289 582 2324 ut
601 2277 703 2323 inde
725 2276 1021 2323 testimonium
1042 2275 1205 2331 veniat,
1231 2275 1349 2320 unde
1374 2274 1495 2334 origo
1523 2274 1710 2320 descen-

307 2351 388 2399 dit.
413 2354 574 2400 Natum
596 2350 713 2397 enim
731 2354 871 2395 Deum
889 2348 1025 2394 stellae
1047 2364 1198 2394 cursus
1213 2346 1423 2407 ostendit,
1446 2356 1594 2392 ortum
1617 2349 1708 2393 Do-

350 2473 396 2515 (a)
411 2473 488 2508 Luc.
516 2483 544 2516 ι,
561 2472 614 2506 35.

353 2548 491 2580 'Lovarr
511 2545 647 2590 (lignum
665 2545 753 2578 cm'm
767 2552 900 2577 εῖναι-
914 2546 1056 2577 ²110van.
1076 2543 1229 2585 adjiciunt
1245 2553 1252 2574 :
1266 2544 1339 2576 Nec
1354 2553 1421 2587 per·
1435 2553 1510 2574 eum
1534 2541 1704 2587 pudicitia

306 2603 497 2648 corporalis
511 2601 708 2640 laederetur,
721 2613 890 2647 perquem
902 2599 1054 2633 donatur·
1070 2600 1211 2632 castius
1225 2599 1406 2644 spiritalis.
1418 2599 1496 2631 Vide
1507 2601 1700 2631 Scrin.cxx1.

307 2659 499 2702 Appendisis
519 2661 616 2691 Maur.
641 2657 693 2690 ubi
714 2658 814 2700 aliqua
836 2658 1015 2689 xariant.—-
1032 2654 1044 2679 3
1060 2656 1104 2688 Co
1114 2656 1137 2687 l.
1166 2655 1247 2688 male
1261 2655 1422 2699 Spistimm
1443 2662 1612 2687 sam-zum.
