1803 3276
375 270 513 297 senno
548 265 676 296 xviii.
714 268 756 294 ln
791 264 946 294 aaran
981 266 1138 293 nomm
1173 267 1251 293 xii.
1431 252 1512 292 127

678 395 966 443 SYNOPSIS.

171 545 205 581 1.
235 544 277 581 In
297 543 500 581 Nativitate
521 542 658 580 Christi
678 543 930 588 gaudendum.
956 542 1008 578 ΙΙ.
1028 535 1200 579 Christus
1220 541 1321 578 Deus
1350 545 1388 577 et
1405 540 1517 578 homo

123 609 231 642 natus
245 611 288 640 ex
301 602 469 650 Virgine.
496 602 569 639 ΙΙΙ.
588 603 758 641 Christus
777 601 815 638 in
830 601 1033 638 Nativitate
1051 610 1183 649 purus,r
1198 606 1344 637 servata
1358 599 1426 635 Dei
1442 599 1519 636 for-

121 674 202 706 ma,
231 662 329 699 servi
343 664 501 700 sormam
515 662 670 710 accepit.
691 660 760 698 IV.
781 661 828 698 Sc
854 661 974 698 Deum
987 666 1025 697 et
1047 660 1235 700 hominem
1261 659 1438 707 operibus
1454 659 1517 695 de-

122 722 356 760 monstravit.

183 850 218 893 Ι.
235 848 423 893 Gnarus
436 862 517 907 ago
531 848 717 892 Domino
731 849 822 892 Deo
839 854 1003 902 nostro,
1022 835 1194 890 Fratres
1206 843 1474 890 dilectissimi
1487 846 1518 899 ¹,

122 918 245 982 quod
265 920 392 981 quae²
406 918 461 964 sit
477 917 564 964 diei
579 920 712 979 hujus
730 917 939 963 fest‘witas
951 915 1108 962 docere
1125 930 1201 962 vos
1214 917 1330 960 non3
1349 926 1523 961 necesse

123 1000 203 1048 est,
228 991 305 1052 qui
322 990 589 1052 'praevenistis
611 989 845 1035 devotione
860 988 1120 1034 doctrinam.
1139 989 1427 1032 Accesserunt
1436 987 1525 1032 huc

123 1061 257 1108 hodie
279 1062 409 1106 etiam
438 1059 681 1120 prophetiae
713 1069 846 1120 atque
877 1057 1139 1117 evangelicae·
1165 1056 1375 1103 lectiones
1404 1072 1526 1102 eam-

124 1133 224 1178 dem
247 1142 335 1177 ‘rt-in
359 1133 564 1178 docentes
588 1147 722 1194 quam
750 1130 858 1175 ficies
885 1139 1027 1177 vestra
1055 1129 1208 1176 docuit
1224 1130 1347 1175 vos⁴.
1383 1132 1528 1175 Donet

125 1214 229 1265 ergo
242 1205 454 1251 Dominus
469 1207 583 1249 Deus
596 1213 758 1259 noster,
776 1211 827 1247 ut
837 1201 1227 1258 concordantibus,
1245 1202 1359 1247 sicut
1370 1200 1524 1257 hodie,

127 1276 185 1322 ita
197 1277 318 1322 omni
333 1286 530 1338 tempore
543 1291 646 1321 cum
659 1275 849 1321 lectione
868 1274 1016 1321 divina
1035 1274 1202 1320 actibus
1212 1273 1381 1329 vestris,
1398 1271 1530 1335 quid-

126 1347 236 1411 quid
262 1348 468 1393 habuerit
496 1363 616 1393 sacra
637 1347 871 1392 auctoritas
893 1347 940 1392 in
960 1346 1190 1407 praeceptis
1204 1380 1216 1402 ,
1246 1346 1331 1390 hoc
1351 1360 1428 1390 vos
1448 1345 1531 1388 ha-

127 1419 266 1466 beatis
286 1420 333 1464 in
347 1419 559 1466 moribus.
580 1419 777 1465 Salvator
791 1434 895 1479 crgo
909 1427 1071 1473 noster,
1084 1415 1380 1469 Dilectissimi,
1399 1415 1532 1461 hodie

127 1491 321 1536 nascitur
335 1493 367 1548 ⁵,
383 1489 651 1551 gaudeamus
670 1501 838 1551 :neque
852 1489 969 1534 enim
979 1488 1129 1533 locum
1142 1496 1316 1549 oportet
1333 1502 1424 1533 esse
1441 1486 1534 1532 tris-

128 1563 252 1620 titiae,
264 1562 345 1607 ubi
358 1562 512 1608 natalis
531 1571 595 1607 est
616 1561 893 1622 gaudiorum.
914 1560 985 1606 Ad
997 1575 1146 1606 omnes
1162 1560 1310 1622 itaque
1321 1557 1534 1618 gaudium

128 1632 248 1679 istud
265 1634 482 1695 pertinet,
506 1635 609 1696 quia
633 1635 831 1681 Christus
859 1634 1065 1680 omnibus
1083 1634 1218 1679 venit.
1243 1632 1402 1680 Nullus
1432 1646 1535 1691 ergo

131 1721 175 1751 se
203 1703 367 1751 laetitiae
396 1706 483 1752 diei
510 1707 640 1768 hujus
675 1706 910 1751 arbitretur
947 1705 1154 1750 alienum.
1189 1704 1233 1751 Si
1262 1712 1436 1750 sanctus
1472 1711 1537 1748 est

131 1777 245 1839 quis,
265 1777 476 1836 gaudeat,
503 1778 608 1839 quia
635 1778 819 1838 accipiet
837 1776 1256 1834 remunerationem,
1276 1775 1311 1820 si
1333 1783 1537 1836 peccator

132 1857 211 1904 est,
229 1847 432 1909 gaudeat,
451 1849 554 1910 quia
575 1849 787 1894 invitatur
805 1847 861 1893 ad
880 1848 1078 1905 veniam,
1104 1847 1137 1892 si
1154 1845 1325 1905 gentilis
1341 1854 1420 1901 est,
1437 1860 1537 1904 gau-

133 1917 249 1976 deat,
275 1920 378 1981 quia
399 1919 646 1965 admittitur
665 1919 721 1965 ad
742 1919 943 1965 salutem.
962 1920 1151 1964 Carnem
1164 1917 1347 1962 humani
1366 1916 1537 1976 generis

134 1998 214 2051 pro
237 1992 363 2036 nobis
380 1995 496 2037 Deus
514 1991 759 2052 assumpsit.
786 1991 830 2036 Si
847 1990 928 2051 ipsi
938 2005 1017 2035 nos
1036 1989 1199 2034 alienos
1221 2005 1244 2033 a
1261 1988 1434 2034 Christo
1449 2003 1540 2033 non

136 2059 363 2118 faciamus,
377 2063 468 2123 jam
481 2063 528 2108 in
539 2063 712 2109 Christo
726 2078 891 2109 sumus.
907 2065 1208 2121 Agnoscamus
1222 2076 1325 2120 ergo
1343 2058 1545 2119 redemp-

135 2134 304 2179 tionem
325 2143 555 2192 nostram,
590 2150 876 2194 agnoscamus
907 2132 1093 2178 salutem
1121 2141 1331 2177 nostram.
1366 2134 1464 2192 Ipse
1494 2147 1539 2176 se

139 2204 331 2250 alienum
353 2222 378 2252 a
399 2206 620 2252 consortio
638 2205 802 2253 Christi
822 2205 979 2261 eflicit,
1006 2204 1083 2266 qui
1101 2219 1145 2249 se
1167 2219 1257 2249 esse
1283 2203 1329 2247 in
1356 2217 1539 2263 corpore

142 2276 304 2322 Christi
326 2275 623 2336 denegaverit.
647 2275 733 2323 Sed
755 2275 884 2332 illud,
909 2274 1184 2321 Dilectissimi
1200 2309 1211 2330 ,
1236 2272 1359 2336 quod
1385 2287 1543 2318 secun-

146 2345 254 2392 dum
277 2347 539 2409 Scripturas,
559 2364 659 2411 quae
687 2347 812 2394 lectae
834 2356 953 2404 sunt,
979 2344 1112 2392 hodie
1130 2345 1370 2391 Dominum
1391 2345 1546 2390 natum

136 2420 237 2464 'esse
257 2419 558 2478 cognoscimus
571 2454 583 2477 ,
612 2418 864 2480 videamus,
888 2414 1113 2481 quomodo
1133 2417 1181 2462 in
1201 2417 1289 2462 fine
1304 2413 1454 2477 saeculi
1472 2431 1547 2460 na·

196 2533 206 2552 ¹
223 2530 298 2562 Haec
320 2528 423 2564 verba
441 2529 558 2563 desunt
580 2528 613 2563 in
631 2529 709 2563 Cod.
729 2530 881 2562 Laurent.
903 2544 946 2552 -·
970 2533 985 2552 ²
1003 2526 1081 2561 Cod.
1103 2528 1186 2560 Cass.
1205 2525 1290 2560 male
1313 2523 1482 2573 quodque.
1506 2540 1549 2547 -

152 2582 166 2608 ³
179 2587 277 2619 Deest
289 2597 353 2620 vox
367 2598 436 2621 non
450 2586 482 2619 in
496 2587 574 2621 Cod.
590 2590 677 2621 Cass.
697 2586 797 2628 male,
818 2586 851 2619 in
867 2585 945 2619 cod.
962 2585 1114 2618 Laui-ent.
1133 2582 1310 2618 doceri.--
1328 2579 1346 2614 4
1359 2584 1434 2616 Haec
1447 2580 1550 2615 verba

151 2641 266 2677 desunt
278 2643 309 2679 in
327 2643 404 2678 Cod.
420 2646 506 2680 Cass.
524 2659 568 2671 --
590 2641 698 2687 5Edit.
713 2647 748 2680 et
765 2642 844 2680 Cod-
864 2644 956 2681 Laur.
978 2649 1080 2677 natus
1098 2648 1160 2676 ese,
