1803 3276
547 256 686 286 sumto
721 258 797 285 vu.
836 257 879 284 ιΝ
917 254 1072 285 ΝΑΤΛΜ
1107 258 1261 284 nomm
1297 258 1325 283 ῐ.
1569 244 1624 284 85

240 323 442 380 hominis,
468 339 554 386 qua
568 327 682 368 Deus
702 321 894 367 inclusus
917 321 960 365 iu
976 319 1247 365 lineamentis
1267 320 1353 366 suis
1374 320 1622 376 tenebatur,

241 394 461 454 explicuit.
487 395 599 440 Ecce
628 393 762 438 habes
794 390 1168 455 quemadmodum
1185 391 1319 450 Virgo
1339 391 1554 452 concepit.
1582 392 1628 437 Si

239 466 398 529 quaeris
432 464 619 526 qualiter
644 475 687 510 et
708 464 902 525 peperit,
927 462 1069 507 dicam
1096 462 1200 508 tibi:
1226 463 1285 507 ita
1312 463 1480 523 peperit
1511 463 1625 508 sicut

241 544 342 580 ante
373 536 600 596 concepit3
644 535 746 596 quia
783 535 859 595 qui
883 543 1058 578 uterum
1080 531 1387 577 insensibiliter
1424 533 1626 588 intravit,

241 605 629 667 incorruptibiliter
660 606 771 650 sicut
808 604 1013 660 intravit,
1055 604 1198 649 exivit.
1229 606 1363 659 Nam,
1394 612 1444 648 ut
1473 617 1633 663 agnos-

240 690 310 722 cas
339 691 493 723 verum
524 677 721 722 ordinem
742 675 873 721 officii
902 675 1133 731 naturalis,
1170 675 1303 735 Virgo
1331 675 1497 735 peregit
1520 684 1634 719 tem-

241 763 346 808 pora
378 747 592 808 pariendi,
627 748 752 808 virga
788 762 878 792 non
917 747 1074 792 habuit
1110 757 1307 807 tempora
1339 746 1631 806 germinandi.

242 819 323 864 Illa
361 820 476 864 enim
493 854 504 876 ‚
543 819 732 865 decursis
765 835 923 865 novem
955 818 1178 864 mensibus
1196 855 1206 875 ,
1250 819 1419 880 peperit
1465 838 1473 864 z
1514 818 1634 875 virga

240 890 354 936 intra
386 890 607 947 triduum,
632 890 754 953 quod
782 891 829 935 in
861 900 1016 935 natura
1039 889 1323 945 nonhabust,
1357 888 1630 948 germinavit.

240 963 354 1006 Ecce
393 962 482 1022 ipse
517 963 683 1022 primus
727 962 860 1007 homo
899 976 980 1006 nec
1013 968 1182 1021 patrem
1215 959 1399 1005 docetur
1431 958 1636 1004 habuisse

240 1047 320 1077 nec
348 1043 532 1078 matrem
552 1049 561 1075 τ
589 1049 638 1078 cx
662 1034 767 1079 limo
790 1033 906 1080 enim
930 1043 1057 1079 terrae
1074 1031 1214 1078 factus
1234 1042 1299 1078 est
1319 1047 1420 1094 quae
1441 1047 1531 1077 non
1556 1032 1638 1076 lia-

245 1103 369 1148 beret
385 1103 611 1163 originem.
638 1105 872 1158 Quomodo
895 1119 998 1165 ergo
1020 1120 1176 1165 corpus
1198 1104 1363 1151 factum
1383 1113 1447 1148 est
1463 1103 1554 1148 sine
1575 1117 1640 1147 se-

239 1174 384 1220 mine?
411 1173 636 1235 quomodo
659 1190 760 1220 caro
792 1175 933 1220 extitit
954 1175 1046 1219 sine
1068 1176 1226 1220 carne?
1247 1178 1314 1219 Ex
1338 1173 1469 1219 vulva
1491 1182 1639 1218 tamen

242 1244 438 1306 quodam
448 1243 582 1289 modo
592 1244 722 1290 exivit
735 1254 878 1301 terrae,
904 1255 948 1290 et
969 1246 1079 1290 nihil
1089 1255 1236 1291 tamen
1249 1252 1560 1305 consumptum
1575 1252 1641 1288 est

243 1317 290 1361 in
310 1315 505 1361 matrice.
533 1315 659 1361 Unde
680 1331 736 1360 ne
758 1316 932 1363 dubites
951 1317 1059 1377 quin
1081 1316 1179 1362 siin
1201 1331 1293 1360 rem
1314 1324 1575 1377 praesentem
1595 1323 1640 1359 te

241 1387 373 1448 hujus
395 1387 730 1447 comparationis
744 1387 924 1442 induco,
945 1386 1066 1432 nulla
1084 1386 1163 1431 tibi
1185 1395 1387 1431 nascatur
1403 1386 1449 1430 in
1470 1387 1552 1430 hac
1569 1400 1640 1431 as-

241 1459 430 1504 sertione
458 1459 694 1503 cunctatio.
740 1458 848 1504 Solis
870 1457 1015 1504 radius
1033 1457 1232 1519 specular
1254 1466 1476 1518 penetrat,
1503 1468 1546 1503 ct
1570 1473 1642 1504 so-

241 1528 457 1574 liditatem
478 1530 571 1590 ejus
588 1527 827 1574 insensibili
845 1528 1086 1573 subtilitate
1110 1528 1374 1589 pertrajicit3
1406 1537 1450 1572 et
1466 1527 1643 1573 videtur

241 1599 499 1646 intrinsecus
535 1600 611 1661 qui
643 1608 760 1645 extat
795 1599 1106 1644 extrinsecus1.
1141 1601 1230 1645 Nec
1263 1614 1364 1643 cum
1395 1598 1644 1659 ingreditur

242 1669 442 1732 dissipat,
474 1686 556 1716 nec
589 1686 690 1715 eum
724 1669 946 1730 egreditur
973 1668 1132 1727 violat,
1159 1670 1262 1730 quia
1297 1678 1341 1713 et
1368 1669 1563 1729 ingressu
1598 1679 1644 1716 et

242 1756 416 1802 egressu
436 1743 530 1804 ejus
556 1741 755 1803 specular
781 1743 1000 1801 integrum
1017 1750 1279 1803 perseverat.
1309 1740 1516 1801 Specular
1538 1755 1644 1801 ergo

243 1828 333 1859 non
345 1815 510 1875 rumpit
521 1813 668 1859 radius
685 1811 784 1859 solis
797 1813 1116 1873 ,integritatem
1128 1812 1317 1873 Virginis
1334 1812 1550 1872 ingressus
1567 1821 1647 1859 aut

242 1899 435 1947 egressus
457 1885 610 1930 vitiare
625 1893 797 1946 poterat
815 1883 1007 1928 veritatis
1025 1884 1044 1927 Ρ

301 1958 471 2002 XXIII.
481 1955 569 2002 Sed
578 1955 685 2017 quid
698 1955 879 2000 ulterius
891 1955 1058 1999 moror?
1068 1953 1229 1998 Audiat
1239 1953 1510 2001 Christianus
1523 1954 1648 2018 quod

244 2043 335 2073 non
355 2027 452 2073 vult
474 2027 624 2073 audire
648 2026 850 2082 Judaeus,
876 2035 925 2070 ut
946 2025 1017 2070 hic
1039 2025 1239 2086 proficiat
1268 2025 1542 2086 redemptus,
1569 2027 1646 2073 ille

245 2098 421 2145 deficiat
435 2097 681 2144 induratus.
704 2101 817 2143 Vere
838 2096 912 2141 illa
933 2100 1079 2142 Aaron
1093 2096 1212 2157 virga
1226 2096 1363 2156 Virgo
1382 2098 1519 2142 Maria
1542 2097 1645 2155 fuit,

245 2186 346 2233 quae
366 2185 522 2216 verum
537 2169 805 2216 sacerdotem
829 2168 1030 2229 concepit
1047 2177 1091 2213 et
1108 2168 1291 2229 peperit,
1309 2167 1363 2213 de
1375 2184 1464 2228 quo
1479 2169 1647 2215 dictum

246 2252 310 2288 est
335 2259 344 2285 z
370 2262 391 2286 (ι
422 2245 488 2287 Tu
510 2258 554 2288 es
576 2241 774 2287 sacerdos
796 2241 841 2285 in
864 2249 1075 2284 aeternum
1102 2242 1186 2298 (a).
1216 2257 1236 2280 »
1267 2240 1486 2301 Superiori
1518 2257 1648 2287 versu

242 2316 332 2376 jam
357 2313 526 2359 dixerat
553 2332 573 2356 «
598 2313 776 2372 Virgam
810 2311 1036 2372 potestatis
1059 2325 1149 2355 suae
1170 2310 1342 2355 emittet
1361 2311 1572 2356 Dominus
1594 2328 1648 2357 ex

251 2405 271 2428 »
299 2386 401 2431 Sion
411 2383 502 2444 (ὣς
521 2404 541 2427 »
569 2400 671 2430 nam
689 2384 811 2445 quod
827 2392 870 2427 et
892 2398 1048 2426 nucem
1072 2382 1256 2443 peperit,
1272 2382 1416 2442 imago
1439 2381 1648 2428 dominici

249 2456 441 2516 corporis
458 2454 557 2500 fuit.
583 2458 681 2501 Nux
711 2454 828 2498 cnim
854 2453 1014 2497 trinam
1034 2452 1169 2498 habet
1193 2452 1239 2497 in
1256 2468 1332 2497 sua
1352 2453 1516 2498 unione
1537 2454 1646 2498 sub-

250 2526 451 2571 stantiam
469 2547 479 2584 3
507 2525 692 2580 corium,
714 2533 870 2569 testam
893 2531 937 2567 et
958 2520 1181 2567 nucleum.
1207 2525 1289 2566 Per
1303 2522 1467 2568 corium
1484 2558 1494 2578 ,
1515 2539 1614 2570 caro
1630 2558 1642 2579 ‚

297 2609 342 2650 (a)
363 2609 443 2642 Psal.
465 2619 527 2651 cix,
545 2607 577 2652 4.
594 2626 636 2632 -
661 2608 704 2649 (b)
719 2608 801 2641 lbid.
819 2615 849 2640 2.

300 2683 309 2701 ¹
322 2676 399 2711 vido
413 2678 513 2710 Serm.
528 2686 630 2720 ¹(mium
639 2675 828 2719 Appendieis
838 2674 1053 2718 Maurinensis‚
1074 2684 1105 2707 n,
1125 2673 1158 2715 3,
1183 2672 1203 2717 l,
1223 2677 1255 2707 et
1272 2674 1301 2706 5.
