1803 3276
359 282 443 321 366
654 292 686 320 s.
724 288 953 321 Avensa-uu
987 287 1167 317 EPISCOPI
1199 284 1429 316 APPENDIX.

360 357 592 402 conscendit,
615 356 810 402 speculare
836 356 890 392 his
920 365 1157 400 nequaquam
1179 353 1346 389 vultibus
1369 351 1553 399 poteritis.
1582 352 1748 398 Sponde-

362 427 442 452 mus
465 421 586 450 tamen
604 414 706 452 vobis
725 414 833 460 hujus
853 413 1002 450 soederis
1020 412 1268 450 inviolabilem
1283 411 1496 455 veritatem,
1515 410 1600 456 quia
1623 415 1750 446 noster

363 475 553 516 Dominus,
577 485 663 510 cum
685 486 759 520 quo
785 474 896 511 subiit
916 473 964 510 ad
992 473 1116 510 sidera
1139 482 1322 519 corpore,
1341 481 1429 508 eum
1453 470 1587 506 eodem
1605 469 1749 513 rediet,

357 534 549 570 incarnata
566 534 731 580 apertius
751 534 926 570 veritate.

395 594 411 629 Ι
417 593 470 630 11.
480 593 579 630 Eece
594 594 691 629 enim
705 604 748 629 ex
758 593 881 640 prisco
891 591 1020 639 psalmi
1031 600 1170 636 organo
1184 589 1437 638 comperimus
1447 615 1457 632 ,
1469 587 1561 634 quid
1571 587 1608 624 in
1621 597 1752 623 ascen-

357 664 440 689 sum
452 652 590 689 Christi
602 651 822 689 mirabiliter
835 651 1078 697 gaudeamus,
1090 661 1177 686 eum
1188 650 1225 687 in
1237 649 1353 688 altum
1363 647 1599 691 conscendit,
1609 651 1647 682 et
1662 656 1752 692 cap-

359 713 471 748 tivam
491 712 747 758 captivitatem
767 711 906 757 absque
921 711 1082 746 militum
1095 710 1244 754 turmis,
1255 715 1319 746 aut
1331 714 1553 745 catenarum
1566 707 1755 743 stridente

360 771 552 816 ferrugine
570 771 708 810 duxit1.
729 769 892 806 Exortus
911 776 967 806 est
995 771 1030 806 in
1051 769 1146 805 coelo
1177 769 1358 809 maximus
1384 768 1431 804 de
1456 777 1584 810 amore
1608 765 1752 802 clamor

360 830 605 873 descendens,
625 829 777 875 quando
794 834 980 866 metantes
1002 828 1137 874 Angeli
1162 828 1301 869 nubem
1327 827 1499 874 eorporis
1525 825 1679 871 Christi,
1693 823 1753 870 ja-

359 889 544 927 nitoribus
558 889 765 926 exclamant
784 888 936 934 Angelis
952 899 961 925 :
981 902 998 923 α
1016 887 1192 925 Attollite
1209 893 1338 935 portas
1352 887 1537 933 Principis
1555 884 1692 931 vestri,
1715 889 1753 919 et
1802 926 1803 940 χ

359 961 378 984 ))
407 949 600 984 elevamini
616 954 736 996 portae
759 948 954 985 {eternales
968 974 977 991 ,
996 959 1016 982 ))
1036 953 1076 983 ut
1095 957 1180 984 eum
1197 953 1396 994 portarum
1414 947 1540 983 obices
1561 954 1753 982 reserave-

357 1009 452 1052 ritis,
473 1009 649 1054 gaudium
664 1013 833 1046 vestrum
851 1014 980 1044 nostro
1006 1008 1140 1054 gaudio
1167 1007 1361 1043 communi
1381 1007 1561 1043 societate
1579 1004 1753 1048 nectatis,

362 1084 379 1101 «
407 1075 443 1104 et
458 1068 630 1104 introibit
646 1080 711 1104 rex
731 1068 871 1113 glorian
886 1081 902 1101 »
928 1067 983 1102 Illi
998 1074 1123 1103 autem
1146 1067 1209 1113 qui
1225 1067 1440 1103 eoelestibus
1458 1065 1601 1102 foribus
1617 1065 1754 1109 legun-

360 1134 422 1162 tur
438 1128 517 1169 sore
540 1134 721 1173 praetores
739 1138 748 1163 z
777 1143 793 1160 «
813 1127 904 1170 Quis
922 1132 976 1162 est
994 1127 1076 1171 istc,
1094 1126 1219 1170 aiunt,
1237 1126 1316 1162 Rex
1332 1126 1458 1172 gloria)
1481 1124 1559 1172 (12¹st
1571 1136 1592 1161 »
1608 1123 1755 1168 Quibus

358 1187 567 1221 edocentur
585 1186 806 1222 nuntiorum
818 1186 1007 1231 responsis
1023 1195 1032 1220 ε
1053 1185 1260 1221 «Dominus
1271 1186 1421 1230 sortis,»
1437 1184 1539 1221 velut
1553 1184 1611 1219 leo
1626 1189 1758 1219 trans-

359 1244 519 1289 glutiens
537 1250 699 1279 mortem
713 1269 722 1285 ,
747 1258 763 1277 «
785 1250 918 1289 potens
938 1242 984 1290 (c)
1003 1256 1019 1275 »
1036 1244 1078 1284 ,in
1096 1243 1263 1289 patibulo
1286 1244 1432 1290 crucis,
1458 1243 1652 1289 potentior
1680 1255 1697 1276 «
1717 1241 1757 1279 in

357 1318 374 1338 »
397 1304 494 1340 bello
513 1304 565 1351 (d)
588 1314 608 1337 »
624 1303 770 1350 tyranni
787 1303 948 1342 inaniter
967 1303 1199 1339 decertantis
1212 1314 1241 1339 2.
1262 1317 1279 1338 «
1297 1303 1382 1349 lpse
1396 1308 1452 1340 est
1471 1313 1538 1338 rex
1568 1301 1694 1347 gloriae
1712 1312 1756 1344 3»

358 1363 424 1409 qui
443 1363 637 1398 descendit
657 1363 694 1399 in
716 1361 893 1400 inferiora
916 1362 1031 1398 eorda
1057 1367 1260 1409 terrarum,
1289 1367 1325 1398 et
1347 1362 1515 1399 ascendit
1538 1361 1756 1404 laureatus,

360 1428 538 1468 repetens
572 1421 684 1458 hodie
708 1432 783 1458 suae
803 1421 1004 1467 majestatis
1038 1421 1214 1458 stadium.
1242 1421 1400 1464 Quando
1426 1420 1640 1458 voluntarie
1672 1420 1756 1455 des-

359 1482 502 1526 cendit,
518 1482 705 1518 indixerat
720 1482 825 1518 stella
840 1482 1001 1518 astriferi
1014 1482 1105 1528 sigui
1121 1492 1279 1524 corona;
1299 1492 1387 1518 eum
1403 1493 1495 1519 vero
1509 1483 1635 1519 victor
1644 1480 1758 1518 hodie

360 1543 542 1588 ascendit,
567 1542 685 1579 nubes
710 1543 862 1579 emicuit
881 1543 1056 1586 candida,
1079 1543 1115 1579 in
1143 1554 1217 1589 qua
1235 1544 1468 1580 veherentur
1489 1543 1659 1579 membra
1679 1552 1760 1588 pas-

361 1603 468 1648 sioni,
482 1614 557 1639 non
570 1603 697 1647 morti,
717 1608 858 1639 creata.
876 1603 936 1639 Fit
955 1603 1064 1639 obvia
1076 1603 1282 1640 Cherubim
1299 1608 1386 1649 apte
1403 1603 1552 1639 vectrix
1564 1601 1760 1639 ineffabilis

360 1663 468 1700 sedes
484 1663 521 1698 in
541 1673 742 1699 occursum
756 1663 933 1700 advolans
948 1691 957 1709 ,
975 1663 1172 1711 Seraphim
1185 1664 1432 1705 salutantibus
1449 1663 1537 1709 alis,
1555 1669 1592 1699 et
1612 1663 1752 1700 throno

364 1728 560 1759 revertens
574 1722 688 1759 Filius
698 1722 733 1758 in
748 1722 901 1759 dextera
914 1723 1098 1770 promicat
1116 1725 1240 1761 Patris
1251 1725 1284 1768 33
1301 1725 1342 1762 fit
1357 1725 1476 1762 unicae
1495 1724 1689 1761 Trinitatis
1707 1723 1759 1759 in-

363 1782 508 1818 haerens
524 1782 670 1818 sihimet
694 1781 885 1826 osculum,
903 1787 940 1818 et
960 1783 1007 1818 ad
1021 1793 1218 1820 recursum
1242 1785 1386 1822 Domini
1404 1785 1587 1822 venientis
1605 1789 1745 1822 cuncta

364 1842 544 1888 tripudiat
560 1847 645 1886 toga
657 1841 855 1878 coelorum.
875 1843 929 1877 Ita
942 1848 978 1878 et
991 1854 1058 1879 nos
1073 1844 1188 1889 ipsius
1198 1845 1498 1890 quadragesimae
1506 1844 1747 1882 Ascensionis

365 1902 518 1938 coeleste
537 1901 751 1938 consoletur
774 1902 1030 1946 curriculum,
1056 1909 1096 1939 ut
1127 1904 1331 1948 gratiorem
1358 1905 1469 1940 etiarn
1498 1905 1758 1940 Pentecosten

368 1961 633 1998 redhibeamus
644 1968 780 1998 nostrae
790 1962 993 2005 devotioni,
1005 1963 1121 1999 debiti
1131 1963 1312 2001 sermonis
1325 1964 1536 2000 officiosum
1547 1964 1757 2008 servitium,

365 2033 434 2069 per
452 2023 627 2058 eumdem
647 2022 849 2065 Dominum
864 2028 1035 2059 nostrum
1054 2024 1075 2059 J
1080 2034 1185 2060 esum
1207 2024 1400 2062 Christum
1420 2024 1690 2061 consedentem
1713 2024 1762 2059 ad

368 2082 559 2117 dexteram
578 2082 719 2127 Patris,
737 2087 774 2118 et
792 2088 1013 2128 regnantem
1035 2092 1122 2120 eum
1137 2094 1202 2129 eo,
1219 2089 1256 2120 et
1272 2094 1360 2121 cum
1386 2084 1530 2132 Spiritu
1545 2089 1675 2121 sancto
1692 2094 1762 2130 per

366 2141 509 2177 infinita
527 2140 660 2178 saecula
676 2141 913 2179 saeculorum.
931 2143 1070 2179 Amen.

411 2238 459 2281 (a)
470 2237 550 2273 Psal.
569 2251 664 2284 xxm,
685 2250 717 2284 7.
731 2257 774 2263 -—
792 2239 836 2283 (h)
856 2239 938 2275 Ibid.
955 2242 987 2273 8.
1009 2257 1051 2264 --
1063 2239 1107 2283 (c)
1122 2238 1205 2274 lhid.
1224 2257 1268 2269 ⁹—-
1283 2239 1341 2285 (d)
1360 2239 1442 2275 Ibid.
1461 2242 1520 2275 28.

415 2313 425 2330 ¹
447 2307 526 2340 Vide
541 2309 645 2341 Serm.
669 2319 756 2341 CCLxl
774 2319 806 2344 n.
830 2319 843 2342 1
854 2320 884 2352 1,
902 2312 938 2347 et
953 2310 1056 2343 Serm.
1077 2319 1296 2344 ccccxxvna-
1310 2316 1324 2334 ²
1343 2310 1423 2344 Vide
1439 2312 1543 2344 Serm.
1559 2319 1760 2352 ccccxxvm,

367 2366 402 2397 et
417 2365 510 2397 Enar.
527 2365 558 2397 in
577 2364 659 2398 Psal.
683 2376 778 2408 xxm,
796 2377 827 2402 n.
841 2368 874 2399 8.
890 2382 933 2392 -ι
949 2363 963 2390 3
981 2366 1059 2401 Cod.
1080 2366 1148 2401 sine
1165 2378 1261 2404 sensu
1271 2375 1306 2403 et
1319 2367 1447 2405 throno
1466 2365 1654 2405 revertenti
1667 2364 1763 2401 Filio

364 2419 403 2454 in
416 2417 560 2454 dextera
572 2421 746 2467 promicat
760 2421 889 2462 Patris.
