1803 3276
331 233 472 262 smmio
503 235 622 263 inv.
659 235 703 262 lN
735 231 893 262 NAztALi
926 233 1188 263 MARTYRUM.
1380 225 1464 263 319

75 309 260 346 mortem
292 315 485 346 consona
520 315 627 346 voce
668 298 1017 359 praeconabimus
1042 301 1053 323 ¹
1080 317 1091 350 3
1138 309 1182 343 et
1223 314 1325 343 cum
1357 303 1467 345 Pro-

72 371 218 432 phetae
270 370 476 432 psalterio
498 406 510 427 ‚
568 370 752 430 Spiritus
792 369 928 414 sancti
978 384 1161 425 canore,
1196 368 1467 415 multifidum

74 443 269 488 officium
289 452 450 488 nostrae
474 442 594 488 vocis
615 441 901 501 adjungemus
916 445 934 468 ²
954 439 1148 486 dicentes
1179 461 1188 486 :
1220 461 1240 484 «
1278 442 1467 487 Pretiosa

78 532 100 564 >i
134 515 181 558 in
224 523 463 575 conspectu
497 512 671 559 Domini
710 528 827 558 mors
874 521 1126 557 sanctorum
1163 514 1254 573 ejus
1297 516 1395 572 (a).
1444 532 1465 555 »

74 587 233 633 Exerat
257 584 362 631 licet
385 583 586 630 diabolus
616 600 695 645 per
722 582 954 644 complices
987 598 1087 628 suos
1110 583 1157 627 in
1189 592 1361 628 sanctos
1392 585 1469 628 Dei

74 656 298 715 ingeniosa
319 655 578 702 crudelitate
599 654 810 717 supplicia
826 690 837 711 ,
861 653 1052 700 fustibus
1083 654 1273 715 quatiat,
1313 653 1463 714 plum-

74 728 141 775 bis
162 727 320 783 elidat,
348 729 395 773 in
417 727 625 789 equuleos
648 726 878 782 extendat,
901 726 1078 786 ungulis
1101 726 1283 772 effodiat
1299 762 1309 782 ,
1328 736 1371 770 et
1394 742 1469 770 ex-

75 799 326 853 carnificata
376 814 560 860 corpora
587 798 758 845 facibus
797 798 1031 858 impietatis
1063 808 1240 853 exurat,
1280 807 1331 842 ut
1371 807 1469 857 post

75 879 224 916 exusta
252 886 487 931 corporum
529 870 829 916 atrocitatibus
859 869 1108 925 membra³‚
1141 868 1386 914 deformem
1414 868 1471 912 ad

73 950 262 986 mortem
288 942 467 1001 ignibus
495 940 697 988 videatur
730 940 934 986 exhibere
955 938 1178 985 frixuram.
1202 942 1363 985 Cruces
1384 948 1472 983 sta-

74 1023 192 1070 tuat,
217 1014 385 1075 stipites
404 1015 532 1074 figat,
554 1014 713 1059 bestias
730 1012 976 1069 admoveat⁷
995 1012 1323 1073 praecipitiaque
1355 1027 1472 1057 com-

73 1095 234 1145 ponat3
265 1087 312 1130 in
332 1101 497 1133 vanum
517 1085 713 1144 laborat3
746 1084 850 1146 quia
881 1084 959 1145 qui
986 1083 1202 1129 desiderio
1235 1098 1472 1143 regnorum

73 1156 322 1204 coelestium
351 1157 610 1218 capiuntur,
630 1156 708 1218 qui
733 1156 943 1216 promissa
965 1155 1106 1200 futuri
1128 1155 1336 1215 temporis
1365 1170 1473 1200 con-

74 1227 336 1288 cupiscunt,
383 1229 615 1290 praesentia
652 1236 812 1275 cuncta
851 1226 1100 1287 despiciunt
1127 1247 1140 1284 3
1175 1242 1256 1270 nec
1290 1234 1474 1292 possunt

75 1299 364 1359 temporalem
406 1300 541 1345 vitam
579 1314 777 1360 quaerere
798 1334 810 1355 ,
854 1314 963 1359 quos
1000 1313 1125 1343 amor
1162 1297 1263 1343 vitae
1292 1306 1470 1341 aeternae

75 1371 261 1431 coeperit
311 1370 549 1431 possidere.
595 1369 682 1423 Qui
727 1369 846 1418 enim
894 1368 1044 1414 tulerit
1096 1384 1272 1414 crucem
1313 1384 1436 1413 suam
1460 1403 1471 1424 7

75 1451 120 1487 et
139 1442 338 1503 sequitur
369 1442 609 1498 Christum,
635 1457 780 1491 amare
812 1457 903 1486 non
923 1450 1067 1502 potest
1097 1440 1317 1486 mundum
1333 1477 1344 1496 ‚
1370 1439 1474 1501 quia

74 1529 236 1573 vorago
259 1523 323 1559 est
355 1515 556 1559 omnium
577 1513 801 1558 vitiorum.
829 1515 924 1560 Hoc
956 1511 1148 1573 denique
1183 1513 1397 1557 Dominus
1428 1511 1476 1554 iu

75 1584 317 1645 Evangelio
340 1586 401 1631 ait
419 1606 429 1630 2
454 1606 475 1631 «
498 1585 542 1631 Si
558 1585 656 1646 quis
677 1584 866 1630 voluerit
887 1593 987 1644 post
1008 1599 1079 1628 me
1101 1583 1267 1640 venire,
1289 1584 1478 1641 abneget

79 1673 100 1696 »
134 1672 180 1706 se
208 1656 313 1713 sihi,
339 1666 384 1702 et
406 1656 531 1702 tollat
553 1671 729 1702 crucem
750 1672 890 1711 suam,
908 1665 952 1703 et
965 1665 1172 1717 sequatur
1189 1672 1260 1700 me
1273 1653 1355 1714 (b)2
1375 1653 1478 1699 Tol-

79 1743 101 1767 »
135 1725 199 1772 lat
213 1762 224 1782 ⁷
241 1727 407 1788 iuquit„
424 1743 602 1773 crucem
619 1743 743 1773 suam
754 1763 766 1782 ,
785 1746 806 1769 »
823 1728 908 1772 hoc
926 1736 990 1772 est
1007 1726 1152 1772 dicere
1169 1746 1179 1771 :
1214 1725 1357 1771 Tollat
1373 1741 1476 1770 cru-

78 1813 173 1842 cem
196 1800 395 1851 meam⁴3
419 1800 522 1861 quia
538 1800 616 1861 qui
632 1798 784 1844 tulerit
806 1814 949 1844 meam
963 1834 975 1855 ‚
1014 1797 1145 1843 faciet
1179 1813 1276 1842 eam
1297 1813 1475 1843 crucem

78 1885 221 1915 suam.
247 1873 495 1917 Commune
527 1887 630 1930 ergo
651 1871 789 1916 habet
807 1887 909 1916 cum
927 1871 1104 1917 Christo
1130 1871 1362 1931 praemium
1387 1870 1476 1915 vir·

78 1941 182 1985 tutis
198 1977 210 1997 ,
236 1942 312 2003 qui
334 1958 512 1987 crucem
534 1942 686 2013 tulerit
713 1941 961 1988 Salvatoris.
992 1942 1200 1994 Gloriosis
1217 1942 1334 1987 enim
1355 1958 1475 1988 men-

79 2011 196 2057 tibus
217 2028 336 2057 mors
355 2014 437 2059 ista
458 2014 775 2073 com-pendium
798 2023 876 2058 est.

138 2086 199 2130 II.
219 2086 244 2130 J
247 2100 318 2129 am
328 2101 433 2130 vero
445 2085 481 2129 si
493 2086 750 2130 accesserint
762 2085 1072 2131 afflictamenta
1084 2101 1335 2147 poenarum,
1346 2085 1479 2147 plena

81 2155 268 2203 sumitur
288 2155 437 2217 palma
460 2156 692 2212 virtutum,
707 2173 807 2218 quae
819 2157 1060 2217 patientem
1077 2158 1290 2218 perducat
1304 2156 1359 2202 ad
1371 2174 1480 2203 con-

81 2236 281 2288 spectum
309 2228 489 2277 Domini
520 2238 796 2275 coronatum.
828 2249 849 2273 «
876 2229 922 2275 Si
942 2230 1040 2291 quis
1063 2229 1177 2287 vult,
1198 2230 1360 2292 inquit,
1384 2239 1484 2291 post

99 2353 102 2357 ·
127 2337 174 2380 (a)
192 2337 273 2370 Psal.
293 2348 373 2381 exv,
394 2338 448 2372 15.
472 2357 515 2362 —
532 2339 578 2381 (b)
594 2339 709 2372 Matth.
733 2351 801 2382 xvi,
821 2338 876 2382 24.

132 2424 140 2440 “
162 2418 242 2451 Vide
259 2421 364 2452 Serm.
382 2430 556 2462 cccxxvm,
583 2431 618 2452 n.
642 2431 671 2463 13
688 2425 722 2452 ct
742 2431 890 2462 cccxxix,
923 2432 954 2452 n.
979 2432 991 2452 1
1023 2426 1056 2453 et
1070 2430 1102 2453 2.
1119 2438 1162 2443 —
1183 2428 1195 2444 ²
1211 2422 1289 2454 Cod.
1316 2421 1398 2454 male
1417 2420 1483 2454 m(-

84 2474 280 2520 junximus.
297 2493 340 2499 --
357 2473 371 2499 3
394 2476 472 2509 Cod.
503 2483 541 2509 ut
550 2484 632 2522 post
649 2484 780 2509 exurat
800 2489 822 2509 a
839 2488 1021 2522 corporum
1047 2479 1288 2512 atrocitatibus
1314 2478 1481 2518 membra3

86 2534 198 2565 textus
229 2532 376 2576 mutilus3
405 2533 532 2576 judicet
560 2535 682 2567 Lector
699 2545 740 2567 an
766 2532 907 2577 legitime
932 2535 1130 2569 restituatur.
1160 2553 1202 2559 -
1228 2533 1245 2562 l»
1272 2535 1352 2569 Vide
1378 2538 1481 2570 Serul.

91 2596 233 2629 cccxxxx,
260 2599 294 2621 n.
311 2598 344 2622 2.
