1803 3276
334 232 416 269 336
768 240 800 265 s.
839 235 1069 264 1101511111
1103 234 1283 261 ΕΡιεεοι»1

332 308 485 351 amico.
540 304 691 350 Falsus
733 319 836 348 vero
877 301 1042 346 amicus
1085 309 1192 344 tunc
1227 298 1527 345 vehementius
1575 310 1719 356 nocet,

330 377 510 438 quando
540 375 740 420 amicitiae
767 372 1067 419 blandimenta
1098 369 1294 415 molitur.
1321 372 1431 415 Nam
1456 370 1658 416 inimicus
1678 372 1724 416 in

331 449 472 492 verbis
501 446 780 506 agnoscitur3
812 444 945 489 falsus
972 458 1076 488 vero
1104 441 1269 486 amicus
1301 440 1479 501 quando
1510 443 1555 486 in
1582 442 1725 487 verbis

332 519 649 578 benignitatem
687 518 980 571 demonstrat,
1012 514 1129 558 intus
1170 512 1475 557 crudelitatem
1515 513 1720 559 occultat.

330 593 440 636 Nam
462 589 577 634 solus
598 589 806 634 Dominus
828 588 913 631 hoc
936 586 1048 630 benc
1072 583 1208 637 novit,
1235 583 1311 643 qui
1333 582 1512 630 discutit
1528 585 1726 630 omnium

331 660 487 717 corda,
509 675 610 704 nam
634 659 789 714 homo,
809 655 931 718 quod
953 654 1100 700 videre
1122 652 1283 708 credit,
1317 669 1433 714 saepe
1455 671 1545 700 non
1562 654 1723 712 videt¹,

334 737 447 777 Deus
462 741 625 787 autem,
644 740 687 775 et
699 746 798 792 quae
812 745 901 775 non
915 729 1122 773 videntur
1145 742 1204 771 «a
1223 725 1352 785 longe
1366 728 1588 786 cognoscit
1600 730 1682 787 (α).
1703 746 1723 769 »

336 804 419 849 Sed
447 804 597 859 homo,
624 812 675 849 ut
700 811 878 858 noceat,
900 801 1032 848 eorde
1060 796 1179 844 aliud
1212 797 1390 858 cogitat,
1419 798 1539 846 aliud
1561 797 1730 861 profert

332 875 491 920 verbis.

394 949 451 990 ΙΙ.
490 943 604 1001 Noli,
630 945 796 1001 Amice,
822 943 935 1001 noli,
960 947 1133 1001 Frater,
1159 960 1262 990 eum
1296 944 1573 991 110110111111132
1595 943 1730 988 verba

333 1017 576 1063 adulatoria
598 1017 720 1078 loqui
743 1033 844 1062 cum
863 1017 1060 1077 proximo
1082 1017 1138 1062 ad
1160 1016 1339 1074 faciem,
1365 1027 1527 1063 etcum
1551 1016 1730 1061 dorsum

333 1091 388 1134 ab
412 1107 463 1135 eo
483 1089 679 1145 verteris,
696 1089 832 1135 vitam
856 1091 946 1149 ejus
967 1088 1157 1135 lacerare
1180 1106 1254 1135 ore
1276 1091 1469 1151 vipereo.
1494 1092 1669 1134 Terreat
1688 1097 1731 1132 10

334 1160 491 1206 Psalmi
508 1161 738 1215 sententia,
755 1160 833 1204 ubi
857 1160 1025 1205 dictum
1047 1171 1131 1206 est:
1162 1181 1181 1203 «
1199 1161 1334 1206 Labia
1354 1161 1504 1206 dolosa
1520 1160 1566 1205 in
1580 1158 1727 1214 eorde,

335 1249 355 1273 n
392 1241 435 1275 et
457 1231 589 1276 corde
610 1230 748 1275 locuti
771 1239 873 1275 sunt
895 1230 1009 1274 mala
1022 1229 1101 1289 (b).
1131 1250 1151 1273 >›
1182 1232 1249 1276 Sic
1264 1232 1380 1275 enim
1398 1230 1552 1291 implet
1571 1228 1732 1275 volun-

333 1312 467 1347 tatem
496 1301 677 1357 diaboli,
699 1302 801 1363 quia
825 1300 958 1346 salsus
982 1302 1146 1346 amicus
1175 1302 1220 1346 in
1241 1302 1384 1347 verbis
1414 1301 1731 1361 benignitatem

331 1376 618 1430 demonstrat,
639 1384 682 1419 et
703 1375 747 1419 in
768 1374 899 1420 corde
921 1390 1142 1419 vencnum
1165 1374 1301 1419 habet
1322 1374 1557 1419 inclusum.
1585 1373 1732 1418 Verba

332 1447 448 1506 pacis
465 1455 591 1491 sonat
604 1461 666 1501 OS,
688 1455 731 1491 et
750 1461 825 1491 cor
847 1447 937 1506 ejus
956 1444 1110 1491 dolum
1132 1445 1365 1491 occultat³.
1391 1449 1453 1491 De
1468 1445 1628 1490 talibus
1648 1460 1730 1489 au-

333 1527 421 1562 tem
435 1517 542 1563 dicit
563 1518 782 1578 Propheta
802 1518 848 1562 in
863 1517 1036 1562 Psalmo
1055 1537 1062 1562 ;
1092 1538 1112 1560 «
1133 1517 1218 1572 Qui
1239 1516 1437 1578 loquitur
1454 1532 1608 1578 pacem
1629 1532 1731 1561 cum

335 1607 355 1630 >›
391 1589 591 1649 proximo
609 1604 704 1645 suo,
722 1589 836 1633 mala
858 1598 1007 1634 autem
1023 1598 1126 1634 sunt
1144 1589 1189 1633 in
1212 1588 1419 1634 cordibus
1442 1604 1594 1634 00111111
1609 1591 1685 1647 (c).
1707 1607 1727 1630 »

333 1666 448 1707 Dum
465 1678 617 1723 pacem
631 1662 850 1723 loquitur,
868 1662 1082 1722 pereutit3
1103 1671 1147 1706 et
1169 1661 1277 1706 dum
1299 1660 1550 1717 blanditur,
1568 1660 1734 1705 interfi-

331 1735 405 1790 cit,
425 1735 526 1795 quia
543 1735 587 1779 in
606 1734 737 1779 corde
751 1743 871 1778 tenet
886 1734 1113 1779 malitiam.
1130 1734 1304 1780 Nubem
1322 1733 1472 1780 vultus
1487 1734 1553 1778 tui
1575 1733 1728 1788 timeo,

331 1806 432 1866 quia,
469 1805 591 1866 quod
622 1806 740 1850 intus
784 1805 963 1865 cogitas,
1002 1821 1091 1850 non
1128 1821 1345 1865 cognosco
1365 1825 1373 1850 :
1411 1805 1642 1860 blandiris,
1689 1814 1734 1849 01

331 1877 503 1934 soevis⁴3
541 1876 816 1937 obsequeris,
850 1884 894 1921 01
926 1876 1110 1935 oceidis3
1136 1875 1287 1922 dulces
1316 1877 1452 1922 habes
1484 1891 1728 1931 sermones,

331 1947 407 1993 sed
443 1963 613 1993 veneno
651 1947 866 1993 conditos.
917 1947 1068 1993 Timeo
1115 1947 1382 2008 obsequium
1429 1957 1580 2003 tuum,
1623 1946 1732 1991 false

330 2020 498 2075 Amice,
531 2020 665 2064 timeo
694 2018 963 2079 colloquium
1003 2028 1148 2075 tuum,
1182 2019 1284 2080 quia
1321 2035 1395 2064 ore
1423 2018 1663 2074 famularis,
1689 2027 1733 2062 et

329 2090 460 2136 corde
481 2091 710 2136 insidiaris.
737 2092 847 2137 Mihi
863 2091 1045 2152 quidem
1062 2091 1176 2136 bene
1190 2091 1400 2152 loqueris,
1419 2091 1599 2136 auribus
1624 2091 1731 2136 meis

331 2163 489 2222 audio,
514 2163 679 2208 malum
712 2173 859 2208 autem
882 2163 1003 2224 quod
1025 2163 1143 2208 intus
1163 2163 1325 2222 cogitas
1345 2166 1461 2208 Deus
1485 2163 1628 2219 novit,
1654 2163 1731 2223 qui

329 2244 393 2279 est
426 2255 446 2278 «
474 2237 698 2281 Scrutator
720 2250 893 2291 renum,
920 2244 964 2280 et
985 2233 1184 2280 cordium
1200 2233 1300 2294 (α’),
1339 2254 1359 2278 n
1392 2235 1497 2297 quia
1541 2254 1562 2278 «
1588 2237 1731 2281 Homo

332 2326 353 2349 »
386 2305 507 2354 videt
528 2307 575 2352 in
597 2306 723 2364 faeie,
744 2317 789 2353 et
813 2311 927 2354 Deus
949 2307 1147 2353 intuetur
1167 2306 1301 2354 eorda
1314 2309 1392 2366 (e).
1420 2325 1442 2349 n

374 2405 419 2447 (a)
438 2404 516 2440 Psal.
543 2415 690 2447 cxxxvii,
716 2404 749 2438 6.
771 2423 812 2429 -
834 2405 876 2448 (b)
895 2406 941 2439 Id.
968 2418 1017 2449 xi,
1049 2405 1079 2439 3.
1102 2422 1144 2429 -
1165 2405 1208 2447 (c)
1228 2405 1275 2440 Id.
1297 2416 1407 2448 xxvn,
1427 2403 1458 2439 3.
1479 2421 1522 2429 —
1541 2403 1591 2446 (d)
1608 2406 1727 2438 Jerem.

327 2473 411 2503 xvii,
435 2474 484 2495 10.
507 2479 548 2485 -—-
565 2462 607 2503 (e)
625 2474 637 2496 1
660 2465 737 2505 fleg.
754 2473 808 2495 xvi
823 2487 833 2504 ‚
853 2473 884 2505 7.

375 2525 382 2543 ¹
405 2521 438 2552 111
456 2519 532 2553 Cod.
554 2518 773 2551 desiderantur
785 2518 853 2551 haec
871 2517 972 2553 verba
986 2543 994 2558 ,
1012 2530 1106 2562 saepe
1127 2530 1194 2552 non
1209 2516 1309 2551 videt
1323 2543 1332 2561 ,
1345 2529 1413 2562 quae
1427 2527 1535 2551 sensus
1560 2517 1729 2551 evidenter

325 2575 468 2620 requirit.
489 2591 530 2597 ——
552 2582 564 2597 2
585 2573 664 2607 Cod.
685 2573 767 2606 male
786 2573 1095 2618 confi-actionibus.
1116 2591 1158 2598 —-
1185 2571 1198 2598 3
1216 2573 1297 2608 eod.
1321 2573 1404 2608 male
1426 2580 1648 2608 sonantem...
1669 2585 1729 2607 oc-

327 2632 519 2665 cultantem.
541 2648 583 2654 --
602 2629 616 2660 4
636 2629 714 2663 Vide
730 2631 832 2663 Sex-m.
857 2641 930 2663 xux
944 2655 953 2673 ‚
978 2641 1008 2663 n.
1030 2628 1062 2672 4.
