1803 3276
258 270 338 310 :344
569 286 601 312 s.
639 284 867 314 Accus‘nm
902 286 1082 314 muscort
1117 286 1344 316 ArrENtnx.

258 352 315 385 tia·
333 350 417 386 boui
437 358 470 386 et
491 351 577 386 mali
602 362 646 388 nc
672 353 863 396 comedat,
886 352 952 388 iste
970 360 1101 389 contra
1120 364 1128 390 :
1152 369 1167 386 «
1191 354 1232 389 ln
1250 364 1490 400 quocumque
1509 355 1566 390 die
1582 366 1643 392 co-

258 422 277 441 »
303 409 495 444 mederitis
514 419 557 445 ex
573 420 616 446 co
630 437 639 454 ‚
660 411 877 457 aperientur
889 411 988 447 oculi
1003 412 1117 448 vestri
1132 441 1140 457 ‚
1156 412 1308 448 eteritis
1320 413 1416 448 sicut
1431 413 1486 448 Dii
1501 440 1510 457 ‚
1529 414 1646 449 scien-

257 480 276 501 »
305 474 360 503 tes
379 468 516 504 bonum
533 475 569 506 et
584 470 722 506 malum
735 472 784 518 (α)
799 481 807 506 :
825 483 844 505 »
864 471 924 507 ille
939 471 1066 517 jubet:
1083 483 1103 506 t(
1124 471 1207 507 Non
1233 473 1471 519 concupisces
1495 483 1647 508 uxorem

257 539 277 561 »
302 529 461 574 proximi
484 530 557 573 tui,
572 541 644 566 nou
661 531 920 575 domum‚non
933 541 1082 577 agrum,
1098 542 1172 567 non
1190 542 1354 576 servum,
1369 543 1442 568 non
1457 532 1646 578 ancillam,

257 600 276 621 υ
305 599 378 624 non
392 588 526 625 bovem
539 602 631 634 ,non
649 591 853 633 asinum‚ct
870 592 1037 627 universa
1053 603 1136 637 qua:
1155 591 1249 628 illius
1265 592 1429 639 sunt(b);
1444 592 1541 628 »iste
1559 603 1649 628 vcro

256 648 407 684 suadet:
435 662 453 682 «
474 648 564 684 Haec
585 650 705 685 omnia
721 649 785 685 tihi
807 650 924 694 dabo,
939 652 966 687 si
987 652 1123 687 cadens
1142 652 1357 688 adoraveris
1374 663 1433 688 me
1449 652 1506 700 (c).
1525 666 1542 685 »

306 707 373 743 IV.
401 709 481 752 Age
498 719 616 752 nune,
634 709 827 745 videmnus
855 710 914 745 cui
947 710 1072 746 cultor
1091 709 1200 747 homo
1229 712 1378 753 existat,
1398 711 1430 747 ei
1458 711 1519 747 cui
1535 710 1651 747 verbo

259 767 460 811 mentitur,
479 767 644 813 ancujus
662 768 864 815 imperium
885 768 1070 814 perficere
1089 769 1240 804 videtur
1254 769 1272 804 ⁴?
1291 776 1326 805 et
1342 770 1423 815 quis
1439 781 1513 806 non
1528 770 1653 807 videat

258 827 346 872 quia
365 826 441 871 ipse
461 825 616 862 hominis
641 826 839 864 famulatus
857 828 1044 864 cultorem
1064 838 1148 863 cum
1165 828 1295 874 saciat,
1311 829 1371 865 cui
1388 827 1581 865 deservit?
1599 828 1653 864 Ex

259 884 397 930 quibus
429 885 605 920 nimirum
636 885 760 922 verbis
773 913 783 931 ‚
804 892 926 933 patet,
959 887 1127 923 innuitur
1160 897 1241 932 eos,
1270 887 1333 934 qui
1354 887 1547 934 cupiditati
1578 893 1654 923 stu-

263 945 377 988 dent,
406 945 616 982 daemonum
643 946 808 982 cultores
827 947 986 982 existere
999 974 1008 990 ,
1031 947 1175 982 etiamsi
1193 946 1264 983 hoc
1283 947 1413 983 heatus
1429 947 1566 983 Paulus
1582 957 1657 982 non

267 1004 489 1041 affirmaret.
508 1004 631 1052 llujus
657 1006 873 1053 cupiditatis
890 1007 1053 1050 malum,
1073 1006 1175 1052 quod
1194 1012 1331 1042 cuncta
1348 1006 1527 1053 praeeellit
1544 1011 1657 1052 atque

263 1072 456 1112 exuperat,
473 1072 509 1101 ct
524 1077 542 1100 a
562 1077 635 1112 quo
655 1066 777 1102 onmia
794 1066 891 1102 mala
908 1066 1105 1113 pullulant,
1119 1066 1202 1101 alibi
1222 1066 1289 1101 alia
1308 1066 1502 1113 Scriptura
1521 1066 1572 1102 ita
1591 1066 1654 1101 de-

264 1125 435 1160 testando
460 1124 586 1170 prodit
605 1125 749 1160 dicens:
767 1125 902 1161 «Auro
922 1125 1011 1161 nihil
1026 1131 1081 1161 cst
1095 1125 1285 1161 scelestius
1296 1125 1395 1172 (d);»
1411 1134 1656 1171 rursumque:

268 1198 285 1214 «
313 1182 411 1217 Nihil
427 1183 589 1228 iniquius
603 1193 715 1227 quam
731 1194 858 1218 amare
877 1185 1072 1229 pecuniam
1082 1183 1140 1230 (e).
1158 1184 1287 1228 »Quid
1300 1184 1436 1219 mirum
1449 1184 1478 1219 si
1489 1184 1657 1220 eamdem

266 1242 511 1287 cupiditatem
530 1242 721 1277 culturam
740 1242 943 1289 Apostolus
969 1248 1077 1279 vocet
1087 1242 1104 1277 ‘3
1122 1244 1226 1289 quod
1242 1243 1418 1280 videlicet
1447 1242 1659 1290 cupiditatis

266 1301 531 1337 multimodum
557 1301 697 1338 malum
731 1303 887 1348 nequius
911 1302 1071 1338 divitum
1090 1303 1206 1338 corda
1229 1313 1341 1348 quam
1363 1313 1570 1349 pauperum
1596 1303 1662 1339 de-

269 1366 407 1404 vastat;
421 1361 508 1406 quia
527 1363 593 1397 ctsi
609 1362 724 1398 multa
741 1362 777 1398 in
792 1361 862 1399 hoc
877 1362 1013 1398 saeculo
1027 1373 1214 1409 pauperes
1225 1363 1364 1399 habere
1376 1364 1660 1409 concupiscunt,

267 1431 342 1456 non
360 1425 484 1456 tamen
513 1421 629 1458 multa
655 1422 798 1467 assequi
817 1427 991 1468 possunt,
1018 1432 1059 1458 ac
1084 1432 1152 1468 per
1169 1421 1241 1458 hoc
1260 1421 1330 1458 illis
1348 1422 1501 1459 effectus
1519 1433 1661 1459 concu-

269 1479 460 1525 piscentiae
479 1480 602 1516 minor
634 1481 826 1523 redditur,
857 1479 1016 1517 nocendi
1047 1491 1199 1527 quoque
1231 1481 1371 1517 malitia
1402 1486 1659 1528 temperatur:

269 1538 401 1575 divites
427 1549 518 1575 vcro
548 1539 634 1585 quia
664 1540 772 1586 plura
793 1540 947 1586 adipisci
977 1540 1212 1584 desiderant,
1243 1547 1285 1577 ut
1315 1540 1423 1586 plura
1450 1540 1658 1583 inveniant,

271 1599 536 1646 multipliciora
564 1600 744 1645 peccandi
772 1605 992 1647 argumenta
1009 1600 1221 1646 inquirunt.
1248 1600 1361 1644 Quasi
1380 1599 1479 1635 enim
1508 1599 1660 1645 quidam

272 1658 366 1704 ignis
393 1664 448 1694 est
477 1659 686 1705 cupiditas,
701 1670 786 1705 quae
812 1659 880 1695 etsi
900 1660 937 1695 in
954 1659 1035 1695 aliis
1053 1660 1173 1706 magis
1186 1686 1196 1704 ,
1215 1659 1253 1696 in
1283 1659 1360 1696 aliis
1389 1658 1512 1695 minus
1530 1659 1662 1702 ardet,

272 1717 335 1753 ubi
357 1723 483 1752 tamen
502 1718 638 1753 ardere
657 1720 836 1764 coeperit,
857 1732 876 1753 «
894 1718 1098 1764 Nunquam
1117 1718 1227 1754 dicit:
1245 1717 1394 1754 Sufficit
1410 1717 1480 1765 (f);
1496 1728 1516 1752 2)
1535 1728 1664 1754 exem-

273 1775 334 1822 plo
363 1776 458 1821 iguis
481 1777 697 1823 temporalis
723 1777 785 1824 qui
809 1782 911 1813 tanto
935 1776 1196 1813 vehementius
1225 1776 1391 1813 flammas
1414 1777 1667 1824 multiplicat,

271 1843 413 1883 quanto
439 1837 689 1873 abundantIus
712 1837 991 1873 multitudinem
1016 1837 1204 1882 lignorum
1221 1837 1431 1883 acceperit.
1447 1836 1547 1873 Hinc
1567 1836 1667 1873 enim

272 1898 458 1944 seriptum
480 1903 553 1933 est:
578 1910 597 1932 «
617 1898 765 1934 Avarus
784 1897 951 1944 pecuniis
969 1896 1315 1944 nonimpleturffl.
1336 1907 1355 1930 n

322 1956 369 1991 V.
386 1956 479 1993 Haec
500 1962 604 1992 certe
623 1957 770 1992 «Radix
790 1956 956 1992 omnium
973 1957 1157 1993 malorum
1175 1955 1268 2004 (h)‚»
1284 1956 1446 2001 primum
1461 1955 1668 2003 virgultum

272 2016 449 2052 invidiam
469 2017 607 2062 gignit,
628 2016 772 2052 Jacoho
791 2022 1014 2059 attestante,
1034 2016 1098 2063 qui
1119 2016 1190 2052 ait:
1210 2015 1302 2051 «An
1319 2015 1459 2061 putatis
1483 2015 1570 2061 quia
1591 2015 1669 2051 ina-

272 2088 292 2111 »
318 2077 415 2113 niter
432 2077 628 2123 Scriptura
644 2077 753 2113 dicit:
768 2077 830 2112 Ad
847 2077 1025 2114 invidiam
1043 2076 1275 2123 concupiscit
1293 2075 1446 2122 spiritus
1459 2104 1468 2121 ‚
1480 2076 1543 2121 qui
1562 2075 1665 2111 habi-

273 2147 292 2169 »
322 2142 374 2171 tat
398 2137 433 2171 in
458 2136 562 2173 vobis
579 2135 646 2184 (i).
661 2149 677 2168 »
697 2136 794 2172 Hinc
819 2147 888 2182 per
911 2137 1149 2172 Salomonem
1171 2135 1331 2170 dicitur:
1348 2146 1367 2169 «
1385 2135 1670 2181 Contemplatus

272 2209 289 2228 »
320 2206 400 2231 sum
417 2205 545 2231 omncs
565 2195 712 2231 labores
729 2195 941 2239 hominum,
956 2201 992 2230 et
1005 2195 1205 2230 industrias
1222 2193 1469 2230 animadverti
1489 2200 1526 2229 et
1541 2199 1669 2240 patere

274 2268 292 2289 υ
319 2254 631 2300 invidiaeproximi
642 2254 736 2301 (j).»
753 2254 907 2290 Constat
918 2264 1078 2299 namque
1091 2260 1127 2289 et
1138 2264 1269 2289 verum
1283 2259 1351 2294 est,
1362 2253 1449 2298 quia
1460 2252 1578 2289 inhoc
1592 2253 1670 2288 aliis

275 2315 504 2358 invidemus,
522 2315 621 2360 quod
636 2314 716 2349 illos
731 2314 806 2349 sive
821 2314 857 2349 in
870 2314 983 2349 rebus
1000 2313 1377 2360 temporalibus,sive
1398 2314 1432 2348 in
1453 2314 1584 2349 mundi
1602 2313 1667 2349 ho-

273 2374 426 2409 noribus
445 2384 595 2419 {equare
616 2374 801 2409 volumus.
818 2373 924 2409 sude
945 2374 1008 2418 qui
1024 2374 1257 2408 mortiterum
1277 2373 1424 2408 invidiae
1441 2373 1543 2408 virus
1567 2384 1667 2418 quse-

282 2434 330 2468 rit
349 2435 587 2477 extinguere,
609 2433 755 2467 studeat
772 2443 920 2468 neccsse
940 2439 994 2467 est
1014 2432 1049 2467 in
1068 2432 1138 2467 hoc
1158 2432 1294 2468 smeulo
1314 2431 1402 2467 nihil
1422 2432 1523 2477 quod
1540 2432 1671 2467 transit

318 2518 367 2560 (a)
387 2523 464 2551 (jen.
487 2530 538 2561 iv,
569 2531 671 2550 11.—-
690 2519 734 2559 (b)
758 2520 804 2551 Id.
821 2530 858 2560 v,
885 2528 938 2551 21.
955 2536 996 2541 --
1011 2518 1055 2560 (c)
1071 2518 1190 2551 Manli.
1212 2529 1260 2560 lv,
1286 2530 1319 2562 9.
1343 2535 1385 2541 —-
1400 2517 1448 2559 (d)
1468 2518 1567 2551 Eccli.
1584 2529 1622 2560 v,
1637 2529 1670 2561 9.

273 2593 314 2599 -
334 2575 376 2618 (e)
396 2576 475 2607 ΗΜ.
499 2576 859 2617 x‚1o,—(s)l'i·ov.
884 2587 966 2617 xxx,
999 2576 1102 2608 15.—
1119 2576 1162 2619 (g)
1182 2576 1289 2609 Eccle.
1311 2587 1349 2618 v,
1368 2587 1400 2617 ς).
1425 2593 1465 2599 -
1480 2575 1571 2616 (702.
1590 2576 1672 2615 Tim,

273 2643 323 2671 w,
345 2644 375 2674 ⁸.)-
396 2650 434 2655 —
460 2632 487 2672 j]
509 2632 608 2662 ‚lm-ol·
642 2644 692 2673 xv,
715 2632 744 2663 Γ).
781 2650 814 2654 -
834 2632 872 2676 j
888 2632 897 2673 >
915 2632 1018 2664 [cele.
1042 2643 1095 2672 iv,
1118 2631 1148 2673 5.
