1803 3276
337 236 420 274 370
653 250 684 275 s.
723 250 952 277 mensum
986 249 1166 278 muscom
1199 250 1420 279 APPENmX.

338 312 520 358 numquid
542 319 577 348 et
592 314 725 358 Angcli
751 315 921 350 nesciunt
942 325 1052 361 quem
1068 315 1250 351 adorant?
1269 317 1369 352 Audi
1385 317 1505 363 ipsum
1521 317 1721 352 Dominum

336 375 594 418 increpantem
614 372 844 420 Discipulos,
865 379 976 419 atque
999 374 1187 409 dicentem
1204 385 1212 409 ε
1230 374 1396 411 «Videte
1409 403 1419 418 ,
1439 375 1574 420 inquit,
1593 385 1724 411 manus

337 445 351 461 ι)
384 442 483 467 ineas
501 437 537 467 et
555 432 688 478 pedes3
707 433 854 478 palpate
870 438 905 467 et
922 433 1058 475 videte,
1072 433 1158 478 quia
1171 434 1324 480 spiritus
1342 444 1493 469 carnem
1508 439 1543 469 et
1557 444 1635 469 ossa
1651 445 1722 469 non

335 502 353 523 »
382 490 520 534 hahet,
549 492 645 527 sicut
672 503 732 527 me
757 492 888 528 videtis
914 491 1052 527 habere
1089 492 1155 538 (a).
1179 504 1199 526 »
1225 492 1344 535 Vide,
1372 493 1484 536 vide,
1514 503 1535 528 o
1563 492 1720 538 perfide,

330 549 520 585 Christum
540 556 575 585 et
603 561 732 585 munus
751 556 1020 586 monstrantem
1042 558 1078 586 ct
1104 551 1241 596 pedes,
1269 557 1309 587 ut
1336 552 1503 586 membra
1535 562 1597 586 sua
1613 578 1621 594 ‚
1647 560 1720 586 non

336 614 478 643 tantuin
496 610 632 653 ocutis,
648 611 712 644 sed
732 615 767 644 et
784 609 905 653 digitis
921 609 1051 645 offerat
1067 611 1350 645 contrectanda.
1373 610 1409 645 Si
1424 610 1537 655 igitur
1551 609 1720 646 Christus

332 668 463 702 umbra
493 667 581 714 suit,
608 668 707 702 unde
734 668 771 702 in
793 668 920 703 vacuis
943 679 1023 704 ossa
1043 668 1196 713 figuris?
1223 670 1322 704 unde
1341 669 1439 704 inter
1460 675 1590 704 tenues
1614 677 1721 703 auras

331 737 418 761 caro
442 725 751 761 contrectabilis?
779 727 877 769 Quid
912 727 950 762 in
979 727 1167 772 praestigio
1197 728 1355 763 solidum
1380 726 1595 773 reperitur?
1629 726 1718 771 quid

327 790 565 829 compactum
592 784 629 818 in
651 787 738 819 aere
764 785 885 821 soluto
918 784 1092 821 tenetur?
1120 798 1138 820 (ι
1155 786 1330 831 ΡῑιΙριιῑο,
1361 785 1496 831 inquit,
1517 791 1553 820 et
1571 784 1715 826 videte.

328 854 347 875 >2
372 843 460 887 qnia
477 843 631 888 spiritus
648 850 847 879 earneinet
861 854 941 879 ossa
962 855 1033 879 non
1051 844 1176 887 liabet,
1196 845 1289 880 sicut
1305 855 1364 880 me
1384 843 1680 881 videtishabere.
1697 854 1717 876 ))

327 900 358 935 Ο
378 911 465 936 earo
495 911 584 936 vera
599 928 608 945 ,
629 912 712 948 qua)
730 908 1004 945 contrectatur,
1025 904 1085 938 cui
1105 913 1237 938 manus
1257 903 1507 949 imprimitur,
1529 902 1591 938 ubi
1609 911 1718 948 appa-

325 967 405 995 rent
427 961 637 997 recentium
653 961 853 997 vulnerum
872 962 1086 998 cicatrices!
1106 961 1226 997 Offert
1247 972 1288 998 se
1308 962 1604 1005 examinandam,
1627 971 1717 1007 pro-

323 1019 495 1063 bandam,
515 1021 729 1066 diligentius
753 1022 1076 1067 considerandam,
1096 1032 1139 1057 nc
1158 1033 1204 1057 ne
1227 1023 1324 1058 sorte
1343 1022 1462 1059 oculi¹
1485 1022 1715 1064 fallerentur,

323 1080 483 1122 accedit,
501 1086 537 1116 et
551 1080 700 1116 curiosa
717 1087 857 1126 manet,
876 1087 917 1117 ut
932 1092 1070 1127 corpus
1084 1087 1392 1118 contrectaretur
1409 1081 1584 1126 solidum,
1603 1082 1716 1127 atque

324 1148 433 1173 omne
453 1139 647 1174 tolleretur
667 1140 897 1184 ambiguum.
918 1140 950 1175 Ο
970 1140 1093 1177 divina
1113 1141 1298 1186 dignatioi
1319 1141 1350 1175 Ο
1369 1140 1567 1176 elementia
1585 1140 1716 1176 Salva-

323 1196 433 1232 toris!
455 1197 607 1240 Institit,
629 1203 669 1232 ut
687 1208 730 1233 ex
745 1209 788 1233 eo
806 1204 975 1234 maneret
994 1199 1063 1234 hoc
1083 1199 1148 1243 qui
1173 1200 1350 1234 erederet
1372 1209 1400 1242 2,
1423 1204 1460 1234 et
1478 1199 1537 1235 vel
1555 1199 1605 1234 sic
1626 1209 1715 1245 per-

323 1254 418 1290 tidus
447 1255 675 1292 Maniehaeus
693 1257 956 1301 erubesceret,
990 1267 1036 1292 ne
1054 1262 1185 1303 postea
1201 1259 1365 1293 mundus
1389 1263 1551 1293 erraret.
1571 1257 1716 1293 Videtis

322 1325 433 1359 vrgo,
462 1315 637 1360 Fratres,
658 1317 747 1362 quia
772 1316 923 1353 difficile
949 1318 1136 1361 ereditur,
1160 1319 1263 1364 quod
1280 1329 1414 1354 verum
1432 1328 1570 1364 eorpus
1587 1328 1714 1353 resur-

322 1374 414 1409 rexit
425 1373 642 1419 abinserno,
654 1375 722 1411 nisi
733 1377 980 1421 quadraginta
991 1377 1121 1413 diebus
1139 1377 1306 1414 Christus
1325 1378 1493 1413 tardaret
1513 1377 1549 1412 in
1562 1376 1711 1412 saeculo.

319 1433 386 1468 His
409 1444 500 1479 ergo
527 1434 628 1470 sestis
645 1436 1032 1472 nostrisveneremur
1049 1447 1203 1472 carnem
1222 1436 1381 1480 Christi,
1402 1442 1439 1472 et
1457 1447 1543 1473 eum
1562 1436 1714 1481 Angelis

318 1502 512 1530 canamus:
529 1495 634 1531 «Deo
647 1495 763 1540 gloria
775 1496 812 1532 in
827 1496 992 1541 excelsis,
1004 1503 1045 1533 ut
1058 1497 1104 1533 sit
1120 1497 1155 1532 in
1174 1502 1276 1532 terra
1291 1508 1361 1543 pax
1379 1495 1592 1533 hominibus
1605 1496 1712 1533 bonae

318 1562 337 1585 υ
367 1552 568 1590 voluntatis
587 1553 652 1601 (b).
673 1567 692 1590 >2
713 1556 851 1592 Amen.

364 1670 409 1715 (a)
428 1675 508 1707 Luc.
525 1684 599 1707 xxrv
611 1701 619 1717 ‚
641 1676 694 1720 39,
714 1693 756 1698 —
771 1675 873 1717 (h)1d.
890 1687 929 1719 11,
947 1675 998 1719 14.

362 1759 371 1775 ¹
387 1753 466 1785 Cod.
483 1764 505 1784 u
520 1753 640 1786 oculis.
662 1772 704 1777 -
723 1761 737 1777 ²
751 1756 867 1787 Sensus
883 1756 1012 1788 videtur
1027 1766 1096 1788 esse
1111 1763 1151 1788 ut
1165 1767 1210 1788 ex
1229 1769 1266 1790 eo
1279 1782 1288 1799 ‚
1308 1757 1339 1790 id
1358 1761 1420 1800 est,
1440 1768 1479 1790 ex
1490 1757 1550 1790 hac
1563 1757 1685 1791 visione
1699 1783 1708 1800 ‚

314 1821 354 1842 ex
371 1809 433 1842 hoc
453 1814 562 1852 tactu,
587 1817 757 1853 maneret,
789 1817 879 1845 certe
897 1812 1005 1845 firmus
1024 1813 1054 1845 in
1077 1812 1157 1854 fide,
1181 1812 1245 1846 hoc
1267 1814 1328 1859 qui
1342 1812 1515 1855 crederet,
1534 1814 1565 1848 id
1582 1819 1643 1858 est,
1656 1815 1710 1859 qui

312 1867 462 1899 crederet
476 1866 548 1899 hoc.
