1803 3276
315 252 364 291 14
884 256 1114 287 Pnffirwrm.

312 328 490 391 aliquod
502 338 578 374 aut
593 329 635 374 S.
650 327 913 388 Augustino,
931 334 1005 370 aut
1018 324 1089 369 alii
1105 322 1287 369 cuilibet
1301 337 1350 366 cx
1373 321 1566 367 evidenti
1582 322 1701 380 cogi-

312 400 526 446 tationum
549 408 592 444 ct
608 397 709 457 styli
726 395 1032 442 conformitate
1054 410 1143 440 non
1164 395 1256 439 sinc
1277 392 1584 454 probabilitate
1599 392 1701 438 vin-

310 470 495 527 dicetur,
531 468 758 515 satcndum
788 478 853 513 cst
886 478 1030 513 tamen
1059 482 1110 512 ex
1137 482 1189 512 co
1223 466 1408 510 maxime
1441 479 1633 510 crescere
1658 473 1703 510 et

310 543 472 588 firmari
494 540 800 588 certitudinem
815 576 826 597 ,
856 540 890 585 si
912 548 1109 584 veterum
1126 537 1327 584 codicum
1352 536 1599 582 testimonio
1625 550 1701 595 ge-

310 614 470 660 nuinus
492 611 586 658 talis
601 611 750 657 talisve
761 611 980 671 scriptoris
1001 619 1151 671 partus
1168 618 1396 653 asseratur.
1418 606 1536 652 Illud
1554 617 1702 652 autem

309 684 603 730 testimonium
628 681 787 727 dicitur
812 681 1084 741 explicitum,
1108 678 1288 741 quando
1310 679 1355 723 in
1378 678 1592 739 principio
1609 693 1702 723 ser-

306 756 446 800 monis
458 764 534 800 aut
545 754 585 800 fi
589 768 638 812 ag
645 753 777 797 menti
792 752 1009 813 ipsissimis
1023 768 1048 797 v
1053 751 1166 796 erbis
1180 749 1341 810 legitur
1353 748 1525 796 Sermo
1538 748 1589 796 S.
1602 749 1704 794 Λιι-

307 825 488 888 crastini
501 823 727 885 epzseopz',
749 821 1056 868 autset‘moS.
1080 818 1215 882 Chry
1218 830 1474 877 sostomz,a
1452 829 1529 865 aut
1544 834 1703 866 sermo

307 897 358 944 S.
386 894 585 951 Leonzsts
612 904 656 940 ct
682 894 742 939 sic
764 892 819 938 de
841 893 1007 939 caeteiis
1030 892 1414 953 quibuscumque,
1439 890 1703 952 implicitum

306 982 410 1013 vero
431 981 627 1026 nuncup
616 974 729 1021 :⁴1tui,
750 973 827 1009 aut
848 962 1054 1026 quando'
1045 979 1090 1008 in
1106 962 1234 1008 titulo
1252 963 1463 1023 scriptum
1480 961 1700 1007 habetur:

307 1037 478 1085 Sermo
497 1034 622 1082 uncle
642 1051 807 1097 supra,
832 1045 876 1081 ct
904 1051 1034 1096 supra
1056 1034 1272 1096 reperitur
1294 1053 1303 1080 z
1328 1033 1500 1080 Sermo
1522 1031 1574 1080 S.
1598 1034 1705 1080 Λιι-

304 1109 489 1172 gustc‘ni
514 1107 583 1154 vel
617 1107 801 1153 aliorum
819 1129 830 1167 3
874 1117 951 1153 aut
986 1106 1166 1169 quando
1209 1106 1449 1152 extrahitur
1474 1120 1617 1150 sermo
1651 1119 1705 1150 ex

307 1181 482 1236 codice,
507 1179 583 1241 qui
606 1178 715 1224 nihil
737 1178 917 1224 omnino
935 1188 1010 1223 aut
1032 1193 1144 1239 pene
1162 1177 1271 1222 nihil
1289 1175 1410 1238 quod
1439 1176 1494 1221 ad
1519 1178 1561 1221 S.
1586 1179 1703 1222 Doc-

307 1262 446 1298 torem
471 1267 561 1296 non
588 1250 827 1312 pertineat,
852 1249 1172 1310 complectitur.
1203 1248 1308 1294 Ideo
1335 1249 1487 1310 primae
1509 1248 1612 1294 huic
1633 1263 1704 1293 re-

306 1322 420 1383 gulae
448 1322 692 1368 insistentes
715 1320 888 1366 nullum
907 1321 1088 1365 omnino
1114 1336 1356 1366 sermonem
1374 1319 1502 1365 variis
1520 1320 1704 1381 scripto-

308 1395 428 1440 ribus
451 1393 643 1438 tribuere
665 1392 1021 1453 praesumpsimus
1031 1427 1046 1447 ,
1068 1391 1145 1453 qui
1166 1391 1294 1436 firmo
1315 1390 1392 1436 illo
1416 1391 1540 1452 quasi
1562 1389 1703 1451 sigillo

307 1467 538 1526 impressus
562 1480 650 1509 non
673 1463 805 1508 fuerit
822 1471 866 1507 ct
887 1471 1180 1508 consecratus.

365 1537 445 1581 XI.
460 1532 968 1594 Secundo,vultinsupcr
982 1541 1111 1577 certae
1127 1532 1294 1578 critices
1307 1532 1441 1577 severi
1449 1541 1524 1589 taS,
1543 1547 1704 1579 sermo-

307 1621 404 1652 nem
430 1607 568 1666 ipsum
594 1603 702 1649 nihil
726 1604 950 1649 continere
968 1603 1089 1665 quod
1103 1602 1395 1664 auttcmpori,
1418 1602 1701 1664 auting‘enio,

307 1686 383 1723 aut
421 1675 535 1735 stylo
577 1675 795 1736 scriptoris
829 1675 1095 1720 contrarium
1130 1674 1501 1735 deprehendatur.
1539 1673 1703 1721 Multos

306 1749 423 1794 enim
443 1747 591 1793 videre
614 1746 744 1792 datur
763 1745 950 1802 codices,
975 1746 1052 1808 qui
1080 1745 1138 1790 ob
1160 1755 1410 1806 temporum
1427 1754 1504 1790 aut
1523 1746 1704 1807 scripto-

308 1835 403 1865 rum
436 1818 729 1878 ignorantiam
753 1818 832 1862 uni
862 1817 1065 1862 tribuunt
1092 1815 1214 1878 quod
1236 1815 1360 1860 alteri
1394 1815 1547 1861 fuisset
1568 1818 1702 1863 ascri-

307 1888 520 1935 bendum.
547 1887 673 1934 Unde
701 1886 905 1933 codicum
939 1887 1172 1932 auctoritas
1194 1886 1551 1948 probabilitatem
1574 1888 1703 1934 affert

307 1975 508 2019 maguam
529 1995 540 2016 ,
582 1974 671 2003 non
709 1956 957 2003 absolutam
994 1956 1319 2003 certitudinem.
1361 1957 1533 2004 Certior
1555 1969 1704 2005 autem

307 2032 453 2078 evadit
473 2030 687 2076 sententia
702 2066 713 2086 ,
737 2031 770 2075 si
793 2028 904 2074 nihil
926 2039 1141 2091 repugnet
1174 2030 1351 2090 ingenio
1384 2031 1605 2091 scriptoris
1621 2068 1633 2088 ,
1668 2032 1704 2077 si

308 2102 417 2150 nihil
429 2101 545 2148 illius
562 2100 774 2146 doctrinse
787 2100 1072 2157 contradicat,
1094 2103 1127 2145 si
1144 2101 1254 2146 nihil
1269 2101 1384 2160 stylo
1402 2103 1436 2163 ej
1445 2102 1594 2148 usdem
1622 2119 1704 2149 no-

309 2176 473 2221 tissimo
511 2182 587 2218 aut
618 2182 868 2233 temporum
914 2173 1248 2218 circumstantiis
1282 2173 1551 2219 adversetur.
1588 2176 1702 2222 Hinc

308 2244 511 2293 seeundae
528 2243 643 2289 illius
662 2242 823 2303 regulae
838 2259 1008 2304 semper
1018 2252 1062 2288 et
1079 2243 1245 2306 ubique
1268 2245 1435 2301 fideles,
1456 2244 1703 2306 fragmenta

309 2318 450 2372 varia,
480 2331 580 2376 quae
612 2316 654 2360 S.
693 2315 920 2373 Augustini
944 2315 1122 2359 nominc
1151 2315 1515 2374 luxuriabantur,
1559 2317 1700 2364 eidem

310 2387 591 2434 nihilominus
625 2385 970 2447 abjudicavimus
988 2422 998 2441 ,
1033 2386 1134 2447 quia
1158 2387 1371 2432 nonnulla
1394 2388 1497 2434 binc
1519 2397 1562 2434 et
1598 2389 1702 2434 inde

307 2459 624 2512 scaturiebant,
650 2473 750 2517 quac
773 2474 794 2503 a
825 2457 1023 2502 doctrina
1047 2467 1122 2502 aut
1145 2459 1320 2517 ingenio
1343 2460 1476 2505 sancti
1503 2461 1700 2506 Doctoris

309 2530 488 2575 omnino
512 2527 649 2572 aliena
676 2544 764 2572 non
788 2528 1003 2573 immerito
1024 2528 1303 2574 videbantur.

365 2603 466 2644 xil.
492 2599 634 2643 Tertio
653 2635 662 2644 ,
693 2598 723 2642 si
749 2614 835 2642 uon
855 2598 912 2642 ita
936 2599 1081 2642 stricte
1103 2599 1379 2656 exigendum.
1407 2600 1556 2645 saltem
1576 2617 1699 2646 amne
