1803 3276
319 283 456 315 sssmro
489 287 579 316 x1v.
616 286 660 314 m
692 283 848 314 mum
880 285 1036 312 nomm
1070 285 1163 312 un.
1350 273 1435 316 113

49 354 125 399 vit.
154 355 211 399 Et
227 354 306 416 qui
330 354 553 400 hominem
575 369 625 398 ex
648 361 761 397 terra
781 351 948 411 virgine
970 350 1016 395 in
1036 348 1234 410 paradiso
1257 347 1434 406 fecerat,

49 425 94 469 in
112 434 238 470 utero
250 425 439 485 Virginis
452 425 610 470 iterum
623 424 847 470 hominem
867 421 986 478 fecit,
1007 421 1053 466 id
1062 430 1126 466 est
1147 421 1259 466 sicut
1272 421 1437 480 primns

48 494 189 541 Adam
206 532 217 553 ,
247 498 323 559 qni
351 497 397 541 in
421 496 609 541 animam
631 496 850 542 viventem
883 494 1110 549 extiterat,
1150 492 1267 538 bona
1299 491 1438 537 multa

48 567 256 612 saeculum
280 567 460 629 perdere
477 566 661 624 fecerat,
686 568 745 612 ita
767 566 1025 612 novissimus
1041 564 1182 611 Adam
1203 563 1250 609 in
1275 562 1439 624 Spiritu

49 638 297 684 vivificante
318 640 463 686 omnia
484 638 712 697 redderet,
758 655 858 701 quae
878 637 1099 699 perierant
1113 671 1124 693 ,
1156 644 1199 680 et
1219 635 1265 680 in
1282 634 1439 680 melio-

50 725 143 754 rem
161 719 323 756 statum
343 711 512 757 homini
530 720 748 772 repararet
763 714 793 755 ¹.
815 709 932 766 Quid
948 744 960 766 ,
987 706 1241 763 Incredule,
1263 705 1439 752 dubitas

50 781 276 841 Virginem
296 783 526 844 concipere
550 783 740 845 potuisse
755 782 826 828 vel
853 797 1028 844 parere,
1056 795 1158 825 cum
1183 778 1315 824 etiam
1339 792 1441 839 apes

49 851 194 899 videas
214 870 384 916 semper
401 854 587 914 virgines
609 864 768 900 matres
783 891 794 907 ,
822 871 922 916 quae
943 853 1034 898 sine
1055 850 1319 898 conscientia
1344 864 1442 894 ma-

49 924 177 982 ritali,
195 941 268 972 ore
285 925 443 972 osculis
459 926 714 987 concipiunt
734 927 910 981 florum,
935 934 979 970 et
999 924 1058 969 sic
1076 938 1173 968 rore
1194 920 1296 967 coeli
1314 934 1442 979 gene-

49 1006 168 1052 rant,
195 997 321 1043 sicuti
343 1006 387 1042 et
411 997 516 1058 ipsae
537 1007 780 1042 nascuntur
800 999 840 1055 ²3
865 1004 1026 1041 exeunt
1045 1004 1096 1039 ut
1116 992 1218 1038 filiae
1230 991 1438 1051 virgineS,

49 1077 93 1113 et
121 1077 268 1113 tamen
284 1103 295 1125 ‚
337 1083 439 1113 cum
481 1068 666 1127 virgines
708 1067 889 1112 redeant
904 1103 915 1123 ,
965 1066 1154 1126 virgines
1196 1073 1240 1109 et
1283 1070 1443 1107 matres

49 1148 336 1199 cognoscunt.
365 1139 433 1185 Sic
456 1148 499 1184 et
517 1149 664 1185 sancta
685 1139 820 1184 Maria
842 1139 986 1184 virum
1003 1138 1161 1193 nescit,
1183 1145 1226 1180 et
1241 1133 1411 1196 peperit
1430 1153 1441 1191 3

49 1211 254 1257 maritum
276 1226 367 1256 non
388 1210 555 1271 accepit
571 1210 626 1255 de
647 1210 770 1256 torris
787 1245 798 1266 ,
819 1218 861 1254 et
874 1208 1015 1254 filium
1036 1209 1091 1253 de
1114 1206 1236 1253 coelis
1257 1204 1440 1265 accepit.

49 1282 206 1344 Majori
237 1282 457 1344 praeconio
486 1281 805 1342 omnipotentia
836 1281 1067 1342 panditur,
1103 1277 1281 1341 quando
1314 1284 1445 1337 partu

49 1353 245 1414 virgineo
267 1355 346 1400 iste
368 1354 446 1416 qui
461 1353 669 1409 nascitur,
695 1353 774 1398 Dei
801 1368 892 1397 esse
914 1352 1051 1397 Filius
1073 1349 1335 1395 declaratur.
1361 1349 1447 1393 Ca-

50 1426 256 1471 nentibus
277 1425 452 1485 Angelis
468 1461 478 1480 ,
510 1424 762 1471 Pastoribus
791 1423 1132 1478 admirantibus,
1170 1420 1308 1480 Magis
1326 1433 1446 1464 nun-

50 1497 281 1554 tiantibus,
306 1495 430 1542 stella
451 1496 670 1556 fulgente,
698 1493 873 1540 Herode
896 1502 1184 1556 persequente
1199 1528 1211 1549 ,
1245 1492 1446 1537 Simeone

49 1577 354 1629 cognoscente,
366 1570 391 1613 J
394 1583 534 1613 oanne
545 1565 818 1623 ostendente,
831 1565 952 1612 coelis
967 1575 1031 1611 est
1041 1564 1292 1626 patentibus
1306 1561 1447 1608 decla·-

50 1649 169 1686 ratus
185 1676 196 1697 ,
220 1656 328 1686 voce
340 1640 478 1685 Patris
495 1638 629 1684 Filius
647 1638 803 1684 unicus
817 1637 1074 1699 appellatus.
1103 1639 1287 1682 Sanctus
1312 1635 1448 1696 Spiri-

51 1721 120 1758 tus
134 1711 318 1757 illumin
331 1710 550 1757 columbae
562 1711 702 1771 specie
715 1711 770 1755 de
787 1709 902 1755 coelo
915 1709 1095 1754 veniens
1112 1707 1443 1762 demonstravit,

49 1793 94 1829 et
114 1784 284 1829 claritas
300 1781 448 1829 divina
469 1782 701 1844 splendore
722 1782 891 1828 coelesti
912 1781 1080 1826 exeruit
1093 1783 1126 1837 ³³,
1148 1789 1199 1825 ut
1217 1783 1358 1825 Deum
1381 1779 1446 1823 in-

49 1865 115 1901 ter
130 1856 328 1902 homines
344 1855 447 1900 coeIi
464 1853 766 1911 ostenderent,
796 1863 840 1899 et
864 1853 1050 1900 salutem
1071 1852 1256 1898 humani
1278 1850 1447 1910 generis

50 1928 130 1972 Dei
150 1926 313 1973 Filium
335 1927 597 1983 edocerent,
632 1927 709 1989 qui
731 1935 886 1986 regnat
919 1941 1020 1971 cum
1049 1928 1176 1970 Patre
1214 1932 1259 1969 et
1283 1922 1450 1983 Spiritu

50 2008 201 2045 sancto
221 2034 232 2055 ,
256 1999 303 2044 in
330 1998 490 2044 saecula
509 1998 786 2044 saeculorum.
810 2000 968 2043 Amen.

100 2113 110 2130 ¹
121 2106 327 2140 Desideratur
343 2105 510 2139 evidenter
522 2106 710 2148 cunjunctio
729 2112 768 2138 ut
781 2110 855 2138 ante
872 2105 962 2139 sicut
974 2104 1122 2150 pm'mus,
1138 2113 1235 2147 qnam
1252 2101 1450 2135 amanuensis

57 2163 219 2206 supplevit
235 2162 358 2195 duobus
370 2162 439 2195 istis
456 2162 564 2195 verbis
582 2161 622 2195 id
636 2169 706 2203 est;
731 2161 764 2194 in
786 2161 846 2194 fine
869 2166 976 2194 autern
995 2160 1115 2203 phrasis
1133 2159 1301 2202 legendum
1320 2158 1452 2191 videtur

51 2219 241 2263 hominem,
262 2217 335 2254 loco
352 2219 543 2258 hom1'm'.—-
568 2219 669 2254 ²Vide
684 2218 741 2255 lib.
766 2231 823 2262 111,
849 2218 890 2252 de
912 2218 1028 2253 Triuit.
1048 2228 1079 2250 n.
1105 2216 1155 2252 13.
1172 2234 1215 2240 —
1237 2215 1249 2240 3
1268 2216 1345 2250 Cod.
1370 2214 1454 2248 male

55 2284 219 2309 exerc-tut.

1218 2711 1242 2749 00

276 2723 416 2754 CXXX.
