1803 3276
247 235 385 266 SEnMO
419 238 589 265 XXXVII.
626 237 669 264 IN
705 236 852 264 munus
885 232 1160 262 riscimmnt's
1194 236 1241 261 11.
1353 220 1436 260 213

53 312 195 359 retur,
220 304 323 364 quia
344 302 642 363 corporalibus
664 301 802 361 poenis
825 315 915 344 non
941 299 1128 357 tangitur
1156 302 1283 343 Deus.
1317 301 1440 343 Tune

52 374 232 436 quidam
251 373 304 419 dc
323 373 564 418 astantibus
584 371 789 416 dicebant
817 391 825 416 :
846 390 865 413 «
893 370 1034 415 Eliam
1068 369 1283 414 vocatiste
1305 371 1390 427 (a).
1415 387 1435 410 11

54 448 151 505 Ipsa
165 450 237 490 'est
260 452 467 490 consueta
483 442 782 503 interpretatio
797 441 988 502 judaicae
1005 441 1161 485 mentis
1178 461 1188 498 3
1204 441 1263 485 sic
1283 439 1440 484 adver-

50 532 124 563 sus
156 520 297 562 Deum
325 517 458 576 prava
481 530 649 576 semper
677 524 721 559 et
746 512 939 558 falsidica
965 512 1249 574 pronuntiare
1278 520 1442 556 norunt

50 586 226 649 loquela
243 623 254 643 ,
275 587 382 633 dum
405 588 558 633 dicunt
588 606 597 632 ε
627 605 648 629 «
674 585 813 631 Elian]
836 594 964 631 vocat
981 584 1074 629 iste,
1093 602 1113 627 >›
1135 586 1372 645 Nunquam
1394 590 1445 628 ut

51 657 320 719 discipulum
337 659 757 718 magister-rogaret,
784 666 859 702 aut
880 671 1053 702 servum
1082 655 1293 701 Dominus
1315 655 1446 700 invo-

51 732 163 785 ce'tl,
184 738 260 774 aut
291 728 338 773 in
368 729 575 773 auxilium
597 745 723 774 suum
740 732 856 774 Deus
876 728 1099 773 hominem
1125 725 1344 788 postulet,
1368 725 1444 771 scd

52 803 226 845 Patrem
239 809 508 846 contestatur
528 801 574 845 in
593 800 714 846 coelis
735 800 888 857 Filius,
909 800 986 862 qui
1007 799 1244 858 fugabatur
1263 813 1286 844 a
1300 798 1441 843 terris.

111 874 188 917 IV.
205 874 355 917 «Tunc
369 872 872 932 acceperunt*spongiam
884 870 1060 932 plenam
1075 880 1212 926 aceto,
1225 880 1267 914 et
1279 885 1450 931 ponen-

52 961 73 986 »
86 946 89 949 '
100 951 165 989 tes
180 942 382 988 arundini
399 943 614 1004 potabant
632 959 732 987 eum
744 941 821 999 (b).
838 961 857 983 »
879 942 997 995 Quid
1014 941 1153 1004 agitis,
1171 941 1380 986 Homines
1394 955 1445 984 ex

50 1011 156 1059 limo
178 1023 305 1059 terrae
332 1013 565 1075 plasmati?
585 1012 810 1074 Numquid
836 1013 881 1056 in
909 1012 1124 1072 principio
1145 1011 1326 1057 fabricae
1347 1027 1448 1058 ves-

50 1093 129 1130 trae
143 1121 154 1141 ,
183 1085 290 1129 dum
324 1084 468 1130 adhuc
487 1084 619 1129 molle
642 1100 750 1145 opus
768 1083 958 1144 corporis
979 1083 1135 1139 vestri,
1162 1082 1276 1127 inter
1297 1083 1439 1141 initia,

49 1155 269 1216 conspersi
300 1155 491 1216 pulveris
523 1155 714 1200 necdum
752 1155 908 1200 durata
940 1153 1142 1210 materie,
1181 1153 1358 1215 quando
1402 1155 1449 1203 in

49 1242 207 1273 novam
220 1226 405 1272 formam
419 1227 511 1288 ipse
523 1230 637 1272 Deus
650 1227 848 1273 Christus
867 1236 988 1271 *tuam
1000 1225 1187 1270 hominis
1201 1226 1450 1286 corporavit

50 1296 305 1353 infantiam,
342 1298 427 1343 hoc
461 1298 517 1342 ab
549 1313 601 1343 eo
632 1297 844 1354 didicisti,
877 1298 953 1359 qui
986 1305 1157 1341 acetum
1178 1312 1259 1357 pro
1283 1306 1356 1341 tua
1380 1296 1451 1342 fa-

48 1367 170 1414 briea
186 1368 426 1429 propinasti
437 1369 553 1426 (sic).
570 1370 684 1415 Cum
700 1384 802 1414 vero
817 1368 960 1414 adhuc
975 1367 1093 1413 rudis
1105 1368 1262 1412 nutriri
1289 1367 1452 1414 foveri-

47 1455 135 1501 que
156 1440 405 1503 quaerebas,
426 1448 469 1484 et
480 1439 669 1501 paradisi
684 1439 819 1485 limen
840 1449 963 1486 tener
978 1441 1134 1501 hospes
1149 1476 1160 1496 ,
1179 1449 1223 1484 et
1239 1439 1450 1487 delicatus

47 1513 264 1572 pessessor
299 1511 483 1555 intrares
497 1546 508 1566 ,
534 1511 630 1555 haec
667 1525 767 1570 erga
781 1513 798 1537 ²
836 1520 964 1556 tuum
1001 1514 1254 1557 Creatorem
1275 1512 1447 1572 operari

49 1588 150 1627 ante
183 1580 412 1626 didiceras.
453 1581 532 1627 Dic
555 1591 600 1627 et
632 1591 703 1637 tu,
728 1583 913 1628 Juda'i'ca
947 1598 1076 1641 gens,
1113 1583 1294 1645 quando
1335 1584 1451 1629 inter

49 1651 218 1698 medios
241 1652 384 1697 Rubri
405 1653 535 1698 maris
557 1654 893 1698 contremiscens
916 1655 1094 1710 fluctus,
1116 1664 1160 1699 et
1180 1655 1294 1699 inter
1307 1653 1452 1700 diver-

49 1740 116 1770 sas
153 1724 293 1770 undas
334 1723 531 1785 platealis
573 1725 714 1770 viator
750 1725 973 1770 incederes
987 1760 998 1781 ,
1035 1725 1222 1786 siccique
1259 1726 1452 1786 pulveris

50 1794 278 1840 mollitiem
297 1794 422 1854 algis³
442 1793 668 1839 halecibus
689 1795 800 1840 sicca
817 1796 966 1856 planta
989 1794 1197 1853 calcares,
1234 1797 1318 1842 hoc
1351 1807 1452 1843 tau-

50 1874 107 1910 tae
121 1866 137 1892 4
173 1864 409 1926 impietatis
441 1864 619 1910 crudele
657 1882 767 1926 opus
805 1866 1042 1922 didiceras,
1084 1867 1207 1929 quod
1239 1869 1285 1913 in
1323 1877 1452 1914 tuum

53 1936 290 1985 Dominum
322 1935 578 1994 exercebas,
612 1935 683 1981 vel
714 1941 846 1981 etiam
878 1953 980 1982 cum
1012 1938 1058 1982 in
1088 1954 1234 1984 eremo
1258 1939 1452 2000 quadra-

53 2007 174 2071 ginta
195 2021 411 2051 annorum
433 2022 511 2067 per
532 2006 684 2066 spatia,
700 2007 919 2053 miraculis
933 2009 1171 2069 perspicuis
1194 2019 1360 2071 pastus,
1380 2012 1449 2055 te⁵

53 2078 221 2124 coelesti
241 2094 354 2139 pane
376 2078 468 2123 sine
498 2077 649 2124 labore
671 2079 860 2135 cibares,
886 2089 929 2124 ct
960 2080 1175 2141 corporali
1199 2080 1338 2127 salute
1362 2083 1453 2127 sine

53 2149 306 2195 infirmitate
340 2149 579 2209 gauderes,
616 2166 761 2212 neque
793 2151 1153 2196 vestimentorum
1187 2162 1262 2197 aut
1283 2153 1453 2199 calcea-

54 2230 311 2276 mentorum
333 2221 557 2277 trituram,
577 2220 649 2266 vel
671 2221 944 2267 sordidatum
972 2222 1139 2283 aliquid
1154 2222 1367 2268 defoedari
1388 2225 1456 2270 vi-

56 2292 178 2339 deres
196 2301 207 2352 '3
227 2293 299 2339 vel
320 2294 449 2340 etiam
470 2309 571 2339 cum
594 2303 718 2355 petra
738 2294 812 2340 illa
833 2295 966 2354 virgae
983 2294 1073 2340 ictu
1094 2310 1311 2355 pereussa,
1332 2294 1455 2342 durae

111 2378 289 2422 (11)Matth.
308 2392 414 2423 xxvn,
435 2379 490 2425 47.
506 2399 548 2404 --
570 2380 613 2423 (b)
633 2381 715 2414 Ibid.
740 2380 795 2424 48.

105 2442 115 2459 ¹
131 2438 288 2479 Tempora
301 2436 474 2469 verborum
496 2447 630 2470 erronea
643 2443 735 2480 sunt,
759 2442 794 2472 ct
817 2438 1050 2471 correctionem
1068 2438 1271 2482 expostulare
1291 2438 1454 2472 videntur.

59 2508 102 2514 —
127 2492 262 2525 ²Codex
288 2504 425 2538 quoe.—·
449 2490 462 2515 3
484 2493 530 2525 Id.
563 2493 648 2537 algis
681 2494 875 2526 lmbem'bus.
909 2495 1022 2526 Sensus
1052 2505 1120 2527 csse
1141 2495 1267 2527 vidclur
1291 2494 1456 2536 pulverem

59 2547 184 2579 mollem
204 2548 342 2581 evadere
361 2552 494 2591 propter
519 2549 614 2592 algas
634 2555 665 2581 ct
684 2550 819 2582 halec-es
842 2552 876 2581 111
900 2550 977 2583 Cod.
994 2551 1100 2583 lim-ra
1123 2550 1143 2585 b
1163 2550 1258 2582 (lubia
1279 2555 1324 2582 cst
1340 2576 1349 2592 ,
1365 2555 1395 2582 ct
1415 2551 1453 2582 (1.1

63 2603 198 2636 foi-mam
216 2603 224 2636 l
244 2604 381 2638 accedit.
403 2623 444 2628 —
469 2603 544 2637 4111..
562 2612 621 2638 lac(
641 2613 680 2639 te,
704 2624 744 2629 —·
761 2604 774 2627 5
799 2607 846 2639 Id.
873 2615 919 2638 ut.
