1803 3276
359 263 497 289 smnio
529 263 646 289 inv.
685 265 725 289 riv
761 262 915 290 imum
950 264 1208 292 murmurii.
1394 260 1471 296 :321

94 341 141 384 in
169 355 359 402 quorum
381 340 601 385 mentibus
623 356 743 386 amor
771 341 1014 387 dominicus
1045 343 1237 388 obtinuit
1259 346 1479 407 principa—

94 419 204 455 tum.

155 485 237 526 III.
263 484 380 541 Ergo
401 496 500 526 cum
532 480 773 541 despiciant
799 484 944 528 Sancti
976 482 1131 527 mundi
1159 485 1280 529 istius
1314 486 1480 532 incola-

94 561 210 608 tum,
236 561 280 596 et
297 567 377 612 pro
406 552 592 597 Domino
619 551 758 597 velint
786 568 830 597 se
863 551 1064 598 addicere
1097 555 1360 601 eruciatibus
1396 567 1483 603 tor-

94 632 361 678 mentorum,
377 623 534 668 merito
556 638 708 668 eorum
731 643 751 666 «
770 626 886 668 Mors
905 623 950 667 in
973 635 1206 685 conspectu
1225 626 1302 670 Dei
1324 625 1484 672 dicitur

97 711 117 735 »
151 693 438 755 pretiosa(a)3
463 712 482 735 η
515 693 676 755 quibus
707 693 818 738 nihil
850 695 1023 740 charius
1054 697 1099 741 in
1131 697 1215 743 hoc
1248 697 1415 744 mundo
1441 700 1484 743 in

94 765 420 825 comparatione
442 781 589 810 rerum
616 766 814 811 omnium
846 767 1125 826 perducetur.
1152 772 1203 813 In
1225 786 1353 815 eruce
1375 787 1484 831 pcn-

94 836 242 893 deant,
279 836 426 881 bestiis
459 836 728 898 subjaceant,
770 837 1101 900 qualiscumque
1134 855 1253 885 mors
1292 857 1372 901 pro
1408 843 1485 886 Dei

93 908 365 955 confessione
386 908 537 965 initur,
561 910 749 969 pretiosa
771 919 862 969 est,
886 910 989 971 quia
1015 931 1035 953 «
1056 911 1149 956 Etsi
1171 928 1317 957 coram
1338 914 1484 959 homi-

97 998 117 1022 »
152 979 298 1035 nibus,
325 979 471 1041 inquit
496 978 717 1035 Salomon,
743 989 960 1025 tormenta
989 981 1100 1041 passi
1127 992 1245 1037 sunt,
1275 999 1370 1043 spes
1392 983 1486 1028 illo-

96 1067 118 1092 »
153 1066 248 1095 rum
284 1048 612 1095 immortalitate
647 1049 778 1110 plena
804 1060 891 1108 est,
922 1060 966 1095 et
999 1051 1045 1094 in
1074 1052 1225 1111 paucis
1258 1054 1420 1108 vexati,
1442 1054 1488 1098 in

97 1139 118 1163 »
153 1121 303 1166 multis
329 1121 442 1165 bene
460 1119 835 1181 disponentur(b).
865 1139 885 1162 »
918 1121 1045 1166 Unde
1078 1132 1122 1166 et
1154 1124 1389 1183 Apostolus
1423 1125 1488 1169 his

95 1192 351 1238 concinens:
373 1211 392 1235 κ
409 1191 515 1245 Quis
529 1207 623 1247 nos,
641 1191 800 1252 inquit,
816 1192 1002 1237 secernit
1015 1209 1038 1236 a
1054 1194 1263 1238 charitate
1281 1195 1456 1239 Christi¹
1469 1198 1487 1239 Ξ)

98 1281 119 1306 »
154 1261 401 1319 tribulatio,
422 1279 478 1307 an
496 1262 709 1322 angustia,
731 1279 786 1306 an
803 1263 1061 1323 persecutio,
1088 1280 1143 1307 an
1165 1263 1314 1320 fames,
1331 1282 1386 1309 an
1408 1282 1489 1310 nu-

97 1353 118 1377 »
154 1335 286 1391 ditas,
314 1351 369 1379 an
406 1334 673 1395 periculum,
707 1351 763 1379 an
792 1334 983 1394 gladius,
1010 1335 1122 1380 sicut
1158 1335 1367 1396 scriptum
1406 1348 1484 1394 cst,

98 1424 119 1448 ³>
154 1405 362 1468 quoniam
390 1415 569 1466 propter
591 1415 633 1450 te
655 1415 795 1450 morte
818 1406 1094 1462 damnamur,
1122 1407 1241 1452 omni
1270 1407 1340 1451 die
1375 1410 1489 1455 {csti-

98 1496 119 1519 »
154 1477 259 1522 mati
276 1492 425 1522 sumus
444 1486 494 1522 ut
511 1493 612 1522 oves
630 1477 870 1522 occisionis.
896 1477 980 1523 Sed
995 1478 1040 1522 in
1060 1478 1126 1523 his
1151 1479 1353 1524 omnibus
1370 1481 1489 1525 evin-

98 1565 119 1590 »
155 1548 292 1592 cimus
314 1556 494 1609 propter
525 1546 782 1607 diligentem
815 1564 908 1593 nos.
939 1551 1093 1594 Certus
1128 1565 1224 1594 sum
1248 1550 1363 1594 enim
1386 1551 1488 1611 quia

98 1637 120 1661 >›
155 1635 298 1680 neque
319 1635 458 1675 mors,
474 1634 618 1679 neque
639 1619 743 1675 vita,
765 1635 910 1680 neque
932 1619 1103 1679 Angeli,
1126 1636 1268 1681 neque
1289 1621 1486 1678 virtutes,

99 1709 120 1733 »
156 1708 299 1753 neque
313 1691 533 1752 superbia,
551 1707 696 1752 neque
712 1690 914 1747 altitudo,
931 1707 1073 1752 neque
1086 1693 1329 1751 praesentia,
1346 1710 1489 1754 neque

99 1780 121 1804 »
155 1762 322 1819 futura,
347 1762 423 1807 sed
443 1778 523 1806 nec
548 1771 743 1806 creatura
770 1761 851 1806 alia
876 1762 1036 1821 poterit
1053 1778 1131 1807 nos
1154 1779 1351 1823 separare
1374 1782 1398 1808 a
1420 1764 1489 1809 di-

100 1851 122 1875 »
156 1833 344 1879 lectione
372 1833 468 1890 Dei,
493 1835 618 1894 quae2
641 1842 707 1878 est
734 1833 986 1880 inChristo
1019 1837 1145 1890 Jesu,
1172 1836 1360 1881 Domino
1388 1852 1492 1881 nos-

101 1923 122 1948 »
157 1914 225 1950 tro
239 1906 344 1965 (C)3.
373 1923 394 1947 ))

144 2016 190 2058 (a)
206 2016 287 2049 Psal.
302 2027 378 2057 cxv,
396 2015 448 2048 15.
464 2032 505 2037 -—
518 2015 561 2056 (b)
581 2017 656 2059 Sap.
671 2026 717 2058 111,
735 2014 768 2058 4,
788 2015 820 2048 5.
835 2032 876 2038 -
891 2015 935 2057 (c)
956 2019 1046 2050 Rom.
1063 2028 1133 2059 vni,
1154 2016 1265 2060 35-39.

147 2093 156 2109 ¹
174 2086 254 2118 Vide
281 2087 384 2120 Serm.
409 2095 566 2126 cccxxxv,
590 2095 622 2116 n.
643 2096 673 2117 1.
698 2101 741 2107 -—
761 2091 774 2107 ²
793 2083 873 2116 cod.
903 2083 1006 2130 quod.
1026 2102 1069 2108 —-
1088 2083 1101 2107 3
1123 2087 1198 2118 Haec
1226 2085 1330 2118 versio
1348 2086 1482 2129 speciali

101 2148 168 2185 θεὶς
184 2155 248 2176 non
265 2143 425 2186 reperitur
442 2141 475 2173 in
488 2141 684 2175 versionibus
706 2140 843 2185 antiquis
860 2142 947 2185 apud
961 2142 1133 2176 Sabathier
1151 2142 1182 2177 in
1198 2143 1303 2187 Epist.
1317 2144 1355 2176 ad
1373 2146 1492 2178 Roma-

100 2210 159 2233 nos
176 2210 246 2242 vui,
271 2198 326 2242 35,
346 2197 401 2242 36,
417 2198 473 2241 37,
493 2202 558 2231 etc.

322 2701 463 2732 cxxx.
1281 2688 1326 2730 21
