1803 3276
161 233 215 272 86
591 245 623 271 s.
661 244 888 272 avorsum
922 245 1102 272 1-:1‘1scori

156 325 234 370 per
253 318 402 353 testam
426 324 540 363 ossa,
567 324 643 368 per
669 307 1086 361 imcleuni,'interior
1109 311 1267 355 anima.
1295 309 1378 355 Sed
1401 310 1471 354 hic
1499 311 1543 354 in

155 379 274 426 corio
291 379 414 423 nucis
436 393 610 426 earnem
632 380 844 438 significat
867 379 1115 436 Salvator-is,
1135 395 1236 440 quoe
1252 379 1409 425 habuit
1428 380 1474 427 in
1498 394 1545 424 se

155 448 432 511 asperitatem
451 448 520 493 vel
549 449 881 496 amaritudinem
907 451 1138 511 passionis3
1163 451 1208 495 in
1233 450 1409 506 nucleo,
1434 450 1546 496 iute-

155 520 313 565 ri0rem
332 518 612 564 dulcedinem
628 521 825 576 Deitatis,
851 537 951 581 quae
970 522 1122 566 tribuit
1138 530 1327 581 pastum,
1347 529 1392 565 et
1410 519 1544 564 lumi-

152 590 222 638 nis
239 589 541 634 sulnninistrat
558 591 749 634 ossiciuin
766 612 776 649 3
793 591 839 636 in
864 600 985 645 testa,
1006 591 1175 650 lignum
1198 589 1392 635 medium
1414 590 1547 635 inter-

154 675 300 707 serens
329 661 491 716 crucis,
513 660 633 720 quod
663 675 752 706 non
783 662 986 707 discrevit
1016 661 1061 706 id
1079 660 1200 722 quod
1232 661 1348 705 intus
1374 670 1418 705 et
1443 661 1547 706 foris

153 729 262 786 suit,
289 730 362 774 sed
386 730 519 788 magis
543 746 642 790 quae
665 740 835 775 terrena
858 741 901 775 et
928 731 1119 777 coelestia
1149 730 1325 776 fuerant
1342 767 1353 787 ‚
1377 731 1547 777 media-

154 803 263 848 toris
282 801 386 859 ligni
402 801 731 861 interpositione
745 803 940 858 sociavit,
953 801 1163 863 Apostolo
1182 802 1375 848 dicente:
1402 802 1544 857 «Quia

155 891 177 915 n
212 872 456 934 pacificavit
474 888 551 933 per
572 872 830 931 sanguinem
848 873 989 918 crucis
1010 889 1115 929 suae,
1135 873 1224 919 sive
1245 889 1346 934 quae
1367 874 1414 918 in
1434 873 1548 919 eoelo

157 962 180 987 >›
214 953 339 1000 sunt,
369 943 458 988 sive
482 959 582 1005 quae
604 944 649 989 in
674 953 785 990 terra
815 947 901 1004 (a).
939 963 960 987 n
998 947 1088 1001 En,
1112 943 1266 990 Judaee
1283 980 1295 1001 ‚
1328 945 1450 1006 virga
1472 954 1547 991 tua

155 1015 291 1074 Virgo
314 1023 377 1059 cst
398 1024 560 1059 nostra.

212 1088 376 1131 XXIV.
405 1086 448 1131 Si
470 1085 649 1147 quidem
661 1086 1002 1147 ethymologiam
1022 1089 1153 1149 hujus
1179 1088 1367 1134 nominis
1385 1097 1548 1134 retrac-

153 1167 313 1211 temus,
327 1157 447 1216 virgo
465 1158 586 1218 quasi
599 1158 740 1217 virga,
755 1174 779 1203 a
794 1158 914 1218 virga
930 1159 1087 1217 virgo¹.
1103 1162 1288 1220 Jamque
1303 1158 1551 1218 intelligant

154 1229 246 1287 ipsa
264 1226 347 1271 sibi
361 1228 593 1272 convenire
606 1228 836 1284 vocabula,
854 1244 956 1274 eum
969 1230 1098 1274 unius
1109 1228 1266 1275 litterae
1283 1229 1548 1286 differentia,

153 1299 239 1343 hoe
260 1296 460 1342 videatur
477 1298 599 1358 virgo
615 1314 768 1343 sonare
787 1298 909 1359 quod
930 1299 1065 1358 virga.
1083 1299 1250 1344 Volunt
1263 1309 1409 1344 autem
1426 1316 1552 1346 nosse

156 1385 181 1413 a
203 1368 322 1428 virga
350 1367 573 1427 Yirginem
602 1368 898 1428 designatam?
925 1368 1120 1414 Audiant
1151 1369 1274 1431 quod
1300 1373 1450 1416 Esaias
1480 1371 1552 1416 hic

155 1439 274 1485 dicat
298 1459 306 1484 :
336 1459 356 1482 «
389 1440 538 1496 Exiet,
559 1440 720 1501 inquit,
744 1441 864 1500 virga
887 1441 943 1486 de
965 1441 1110 1486 radice
1131 1444 1249 1487 Jesse
1264 1439 1347 1501 (b).
1371 1460 1393 1485 »
1417 1442 1551 1502 Virga

156 1521 222 1557 cst
247 1510 303 1556 dc
333 1527 491 1572 genere
516 1515 656 1569 Jesse3
679 1514 798 1557 Jesse
818 1522 942 1573 pater
970 1513 1134 1571 David3
1159 1529 1208 1558 cx
1229 1528 1386 1571 genere
1412 1513 1553 1559 David

155 1584 292 1642 virga,
319 1599 417 1644 quae
438 1583 556 1642 virga
573 1583 708 1628 Maria
734 1582 833 1628 fuit.
866 1587 1016 1645 Neque
1037 1585 1152 1629 enim
1169 1583 1224 1630 de
1241 1585 1418 1630 homine
1435 1588 1553 1631 Jesse

154 1654 342 1713 lignum,
364 1654 410 1699 id
432 1655 643 1714 estvirga,
666 1656 811 1715 potuit
835 1656 1090 1715 germinare.
1115 1658 1213 1701 Non
1235 1671 1338 1716 ergo
1361 1655 1416 1701 de
1435 1658 1553 1702 Jesse

156 1727 288 1772 exivit
301 1727 439 1785 virga,
465 1724 541 1770 sed
564 1726 695 1785 Virgo
712 1727 862 1783 Maria,
887 1744 988 1788 quae
1010 1728 1156 1786 generi
1187 1727 1432 1773 secundum
1453 1744 1551 1774 car-

155 1814 259 1846 nem
281 1798 524 1858 originique
543 1799 830 1859 respondens,
859 1815 959 1845 caro
978 1798 1061 1844 fuit
1077 1815 1178 1861 quae
1198 1800 1317 1860 virga
1338 1799 1424 1846 fuit
1439 1837 1450 1857 ,
1475 1800 1552 1846 sed

157 1871 280 1929 virgo
296 1869 392 1923 fuit,
414 1885 513 1929 quae
529 1870 651 1929 virgo
665 1870 865 1930 concepit
882 1879 926 1915 et
946 1871 1130 1931 peperit.
1155 1874 1218 1918 Ac
1234 1887 1290 1916 ne
1307 1874 1453 1932 (non)‘²
1466 1888 1552 1933 pu·-

156 1949 252 1986 tent
274 1940 328 1984 dc
356 1939 495 1983 David
521 1938 650 1984 fuisse
678 1940 962 2000 praedictum,
989 1943 1156 1987 ratione
1173 1943 1379 2003 temporis
1401 1942 1552 1988 exclu-

156 2011 334 2057 dantur.
361 2009 549 2064 Quando
566 2011 682 2055 enim
697 2012 782 2056 hoc
794 2012 1013 2072 Propheta
1029 2012 1153 2068 dixit,
1175 2015 1268 2074 jam
1281 2014 1420 2059 David
1432 2029 1551 2060 mor-

156 2092 260 2128 tuus
282 2091 389 2127 erat.
414 2101 434 2123 α
459 2082 609 2138 Exiet,
633 2082 801 2143 inquit,
822 2084 938 2142 virga
957 2083 1012 2128 de
1033 2083 1177 2130 radice
1196 2088 1329 2142 Jesse,
1358 2104 1379 2128 >›
1399 2086 1446 2131 in
1462 2102 1552 2148 quo

156 2153 359 2202 futurum
395 2161 566 2212 tempus
597 2169 687 2197 non
719 2155 989 2214 praeteritum
1025 2155 1281 2215 designavit.
1319 2177 1340 2200 ((
1372 2157 1501 2203 Exiet
1527 2176 1548 2200 η

158 2226 276 2270 enim
290 2224 448 2284 inquit,
462 2239 568 2280 nou,
592 2225 808 2270 «Exivit.»
822 2228 1020 2287 Denique
1031 2227 1152 2288 quod
1164 2229 1362 2289 sequitur
1379 2229 1550 2274 auscul-

158 2304 287 2339 tent:
319 2294 488 2339 «Exiet
530 2295 649 2355 virga
677 2295 732 2341 de
768 2296 912 2342 radice
945 2300 1087 2353 Jesse,
1131 2307 1174 2343 et
1203 2299 1281 2344 ssos
1313 2298 1369 2344 de
1406 2298 1551 2345 radice

161 2383 183 2408 »
217 2367 309 2426 ejus
330 2365 534 2411 ascendet
565 2368 642 2426 (c).
672 2385 692 2409 >›
727 2367 828 2413 Flos
849 2368 930 2413 iste
963 2385 1063 2414 caro
1095 2379 1158 2415 est
1185 2370 1412 2428 Dominiss,
1448 2388 1549 2433 quae

203 2474 249 2515 (a)
264 2475 380 2508 coloss.
406 2486 435 2517 1,
451 2484 505 2509 20.
528 2493 569 2498 —-
594 2476 637 2517 (b)
659 2478 729 2509 lsai.
751 2487 799 2518 xt,
821 2487 851 2513 ι.
872 2495 913 2500 -
938 2477 982 2519 (e)
999 2479 1082 2511 Ibid.

207 2547 219 2568 ¹
238 2543 345 2576 (lodex
363 2543 446 2577 maie
466 2543 645 2588 virginem.
677 2560 719 2569 —-
745 2551 758 2569 ²
778 2546 854 2578 Non
871 2546 922 2578 hic
936 2547 1062 2579 videtur
1080 2545 1254 2581 abundare.
1274 2564 1315 2571 ·-
1337 2546 1350 2571 3
1369 2547 1448 2581 Vide
1470 2549 1547 2581 Sei·-

165 2608 290 2631 monom
311 2611 342 2632 ui
365 2600 405 2632 dc
431 2599 582 2642 symbolo
599 2601 638 2633 :221
662 2601 916 2635 Cathceumenos
935 2614 965 2635 u.
988 2602 1021 2644 4.
