<?xml version="1.0" encoding="UTF-8"?>
<!DOCTYPE html PUBLIC "-//W3C//DTD XHTML 1.0 Transitional//EN"
    "http://www.w3.org/TR/xhtml1/DTD/xhtml1-transitional.dtd">
<html xmlns="http://www.w3.org/1999/xhtml" xml:lang="en" lang="en">
 <head>
  <title>
</title>
<meta http-equiv="Content-Type" content="text/html;charset=utf-8" />
  <meta name='ocr-system' content='tesseract 3.04.00' />
  <meta name='ocr-capabilities' content='ocr_page ocr_carea ocr_par ocr_line ocrx_word'/>
</head>
<body>
  <div class='ocr_page' id='page_1' title='image "./operaomniaaccura23auguuoft_0299.png"; bbox 0 0 1803 3276; ppageno 0'>
   <div class='ocr_carea' id='block_1_1' title="bbox 243 258 1452 296">
    <p class='ocr_par' dir='ltr' id='par_1_1' title="bbox 243 258 1452 296">
     <span class='ocr_line' id='line_1_1' title="bbox 243 258 1452 296; baseline 0.007 -9"><span class='ocrx_word' id='word_1_1' title='bbox 243 260 382 289; x_wconf 64' lang='lat' dir='ltr'>sna-Mo</span> <span class='ocrx_word' id='word_1_2' title='bbox 415 263 483 289; x_wconf 69' lang='grc' dir='ltr'>ιν.</span> <span class='ocrx_word' id='word_1_3' title='bbox 523 264 564 288; x_wconf 59' lang='grc' dir='ltr'>μ’</span> <span class='ocrx_word' id='word_1_4' title='bbox 601 261 756 289; x_wconf 62' lang='lat' dir='ltr'>mmm</span> <span class='ocrx_word' id='word_1_5' title='bbox 790 262 964 289; x_wconf 46' lang='lat' dir='ltr'>somnis</span> <span class='ocrx_word' id='word_1_6' title='bbox 998 264 1200 292; x_wconf 56' lang='lat' dir='ltr'>nsprissr</span> <span class='ocrx_word' id='word_1_7' title='bbox 1233 269 1261 292; x_wconf 75' lang='grc' dir='ltr'>ι.</span> <span class='ocrx_word' id='word_1_8' title='bbox 1369 258 1452 296; x_wconf 73' lang='lat'>280</span> 
     </span>
    </p>
   </div>
   <div class='ocr_carea' id='block_1_2' title="bbox 62 324 1463 2165">
    <p class='ocr_par' dir='ltr' id='par_1_2' title="bbox 62 324 1463 2094">
     <span class='ocr_line' id='line_1_2' title="bbox 67 324 1454 386; baseline 0.006 -17"><span class='ocrx_word' id='word_1_9' title='bbox 67 324 245 386; x_wconf 78' lang='lat' dir='ltr'>quidem</span> <span class='ocrx_word' id='word_1_10' title='bbox 262 326 522 386; x_wconf 82' lang='lat' dir='ltr'>evangelicae</span> <span class='ocrx_word' id='word_1_11' title='bbox 543 326 738 370; x_wconf 82' lang='lat' dir='ltr'>lectionis</span> <span class='ocrx_word' id='word_1_12' title='bbox 754 326 973 386; x_wconf 77' lang='lat' dir='ltr'>prolixitas</span> <span class='ocrx_word' id='word_1_13' title='bbox 995 329 1159 373; x_wconf 87' lang='lat' dir='ltr'>animos</span> <span class='ocrx_word' id='word_1_14' title='bbox 1175 330 1368 376; x_wconf 80' lang='lat' dir='ltr'>fidelium</span> <span class='ocrx_word' id='word_1_15' title='bbox 1388 349 1454 377; x_wconf 89' lang='lat' dir='ltr'>sa-</span> 
     </span>
     <span class='ocr_line' id='line_1_3' title="bbox 66 396 1454 456; baseline 0.006 -17"><span class='ocrx_word' id='word_1_16' title='bbox 66 396 172 440; x_wconf 86' lang='lat' dir='ltr'>tiare</span> <span class='ocrx_word' id='word_1_17' title='bbox 187 432 198 452; x_wconf 78' lang='lat'>,</span> <span class='ocrx_word' id='word_1_18' title='bbox 223 397 298 441; x_wconf 88' lang='lat' dir='ltr'>sed</span> <span class='ocrx_word' id='word_1_19' title='bbox 327 413 381 441; x_wconf 91' lang='lat' dir='ltr'>ne</span> <span class='ocrx_word' id='word_1_20' title='bbox 409 406 606 441; x_wconf 90' lang='lat' dir='ltr'>nostrum</span> <span class='ocrx_word' id='word_1_21' title='bbox 635 398 800 456; x_wconf 88' lang='lat' dir='ltr'>populo</span> <span class='ocrx_word' id='word_1_22' title='bbox 823 398 901 442; x_wconf 75' lang='lat' dir='ltr'>Dei</span> <span class='ocrx_word' id='word_1_23' title='bbox 923 399 1110 443; x_wconf 83' lang='lat' dir='ltr'>otiosum</span> <span class='ocrx_word' id='word_1_24' title='bbox 1133 401 1333 446; x_wconf 83' lang='lat' dir='ltr'>videatur</span> <span class='ocrx_word' id='word_1_25' title='bbox 1353 405 1454 448; x_wconf 83' lang='lat' dir='ltr'>ossi-</span> 
     </span>
     <span class='ocr_line' id='line_1_4' title="bbox 66 466 1455 533; baseline 0.006 -23"><span class='ocrx_word' id='word_1_26' title='bbox 66 466 182 511; x_wconf 89' lang='lat' dir='ltr'>cium</span> <span class='ocrx_word' id='word_1_27' title='bbox 198 503 208 523; x_wconf 81' lang='lat'><strong><em>‚</em></strong></span> <span class='ocrx_word' id='word_1_28' title='bbox 242 483 322 528; x_wconf 88' lang='lat' dir='ltr'>pro</span> <span class='ocrx_word' id='word_1_29' title='bbox 347 476 463 511; x_wconf 89' lang='lat' dir='ltr'>statu</span> <span class='ocrx_word' id='word_1_30' title='bbox 491 467 827 527; x_wconf 83' lang='lat' dir='ltr'>summatimque</span> <span class='ocrx_word' id='word_1_31' title='bbox 843 502 854 523; x_wconf 80' lang='lat'>,</span> <span class='ocrx_word' id='word_1_32' title='bbox 880 468 1068 513; x_wconf 89' lang='lat' dir='ltr'>Domino</span> <span class='ocrx_word' id='word_1_33' title='bbox 1092 469 1244 527; x_wconf 77' lang='lat' dir='ltr'>dante,</span> <span class='ocrx_word' id='word_1_34' title='bbox 1280 488 1455 533; x_wconf 85' lang='lat' dir='ltr'>perage-</span> 
     </span>
     <span class='ocr_line' id='line_1_5' title="bbox 66 537 1456 601; baseline 0.005 -20"><span class='ocrx_word' id='word_1_35' title='bbox 66 552 162 582; x_wconf 89' lang='lat' dir='ltr'>mus</span> <span class='ocrx_word' id='word_1_36' title='bbox 183 537 460 596; x_wconf 77' lang='lat' dir='ltr'>mysterium,</span> <span class='ocrx_word' id='word_1_37' title='bbox 485 537 608 598; x_wconf 88' lang='lat' dir='ltr'>cujus</span> <span class='ocrx_word' id='word_1_38' title='bbox 625 553 752 582; x_wconf 88' lang='lat' dir='ltr'>causa</span> <span class='ocrx_word' id='word_1_39' title='bbox 769 538 1068 598; x_wconf 80' lang='lat' dir='ltr'>pi·oponitur¹.</span> <span class='ocrx_word' id='word_1_40' title='bbox 1094 541 1207 586; x_wconf 87' lang='lat' dir='ltr'>Cum</span> <span class='ocrx_word' id='word_1_41' title='bbox 1235 542 1366 601; x_wconf 81' lang='lat' dir='ltr'>igitur</span> <span class='ocrx_word' id='word_1_42' title='bbox 1386 560 1456 588; x_wconf 90' lang='lat' dir='ltr'>sa-</span> 
     </span>
     <span class='ocr_line' id='line_1_6' title="bbox 66 607 1458 673; baseline 0.004 -21"><span class='ocrx_word' id='word_1_43' title='bbox 66 607 218 653; x_wconf 89' lang='lat' dir='ltr'>cerdos</span> <span class='ocrx_word' id='word_1_44' title='bbox 230 617 353 669; x_wconf 87' lang='lat' dir='ltr'>pater</span> <span class='ocrx_word' id='word_1_45' title='bbox 375 607 533 654; x_wconf 85' lang='lat' dir='ltr'>divinis</span> <span class='ocrx_word' id='word_1_46' title='bbox 552 607 760 653; x_wconf 86' lang='lat' dir='ltr'>altaribus</span> <span class='ocrx_word' id='word_1_47' title='bbox 781 609 1095 655; x_wconf 87' lang='lat' dir='ltr'>tremebundus</span> <span class='ocrx_word' id='word_1_48' title='bbox 1113 620 1285 669; x_wconf 82' lang='lat' dir='ltr'>astaret,</span> <span class='ocrx_word' id='word_1_49' title='bbox 1304 623 1458 673; x_wconf 85' lang='lat' dir='ltr'>sponte</span> 
     </span>
     <span class='ocr_line' id='line_1_7' title="bbox 66 679 1457 742; baseline 0.004 -18"><span class='ocrx_word' id='word_1_50' title='bbox 66 679 245 724; x_wconf 89' lang='lat' dir='ltr'>Gabriel</span> <span class='ocrx_word' id='word_1_51' title='bbox 262 679 455 738; x_wconf 81' lang='lat' dir='ltr'>angelus,</span> <span class='ocrx_word' id='word_1_52' title='bbox 479 679 642 725; x_wconf 71' lang='lat' dir='ltr'>aethere</span> <span class='ocrx_word' id='word_1_53' title='bbox 663 689 866 736; x_wconf 78' lang='lat' dir='ltr'>reserato,</span> <span class='ocrx_word' id='word_1_54' title='bbox 892 697 1015 726; x_wconf 87' lang='lat' dir='ltr'>auras</span> <span class='ocrx_word' id='word_1_55' title='bbox 1033 683 1186 742; x_wconf 82' lang='lat' dir='ltr'>sparsit</span> <span class='ocrx_word' id='word_1_56' title='bbox 1206 684 1372 741; x_wconf 82' lang='lat' dir='ltr'>inanes,</span> <span class='ocrx_word' id='word_1_57' title='bbox 1389 701 1457 730; x_wconf 92' lang='lat' dir='ltr'>se-</span> 
     </span>
     <span class='ocr_line' id='line_1_8' title="bbox 65 749 1460 816; baseline 0.004 -22"><span class='ocrx_word' id='word_1_58' title='bbox 65 751 178 810; x_wconf 82' lang='lat' dir='ltr'>que²</span> <span class='ocrx_word' id='word_1_59' title='bbox 201 759 318 795; x_wconf 89' lang='lat' dir='ltr'>retro</span> <span class='ocrx_word' id='word_1_60' title='bbox 340 750 578 795; x_wconf 89' lang='lat' dir='ltr'>videndum</span> <span class='ocrx_word' id='word_1_61' title='bbox 601 749 762 796; x_wconf 87' lang='lat' dir='ltr'>obtulit</span> <span class='ocrx_word' id='word_1_62' title='bbox 783 751 1006 797; x_wconf 81' lang='lat' dir='ltr'>titubanti.</span> <span class='ocrx_word' id='word_1_63' title='bbox 1032 756 1221 815; x_wconf 83' lang='lat' dir='ltr'>Moxque</span> <span class='ocrx_word' id='word_1_64' title='bbox 1249 756 1373 816; x_wconf 87' lang='lat' dir='ltr'>jussu</span> <span class='ocrx_word' id='word_1_65' title='bbox 1390 772 1460 800; x_wconf 92' lang='lat' dir='ltr'>re-</span> 
     </span>
     <span class='ocr_line' id='line_1_9' title="bbox 66 821 1459 882; baseline 0.005 -17"><span class='ocrx_word' id='word_1_66' title='bbox 66 821 129 881; x_wconf 86' lang='lat' dir='ltr'>gis</span> <span class='ocrx_word' id='word_1_67' title='bbox 157 821 309 865; x_wconf 85' lang='lat' dir='ltr'>aeterni</span> <span class='ocrx_word' id='word_1_68' title='bbox 326 821 484 882; x_wconf 87' lang='lat' dir='ltr'>pavido</span> <span class='ocrx_word' id='word_1_69' title='bbox 508 822 672 882; x_wconf 80' lang='lat' dir='ltr'>pectori</span> <span class='ocrx_word' id='word_1_70' title='bbox 701 823 904 868; x_wconf 81' lang='lat' dir='ltr'>secretis3</span> <span class='ocrx_word' id='word_1_71' title='bbox 928 824 1132 869; x_wconf 87' lang='lat' dir='ltr'>affatibus</span> <span class='ocrx_word' id='word_1_72' title='bbox 1154 825 1285 871; x_wconf 87' lang='lat' dir='ltr'>infert</span> <span class='ocrx_word' id='word_1_73' title='bbox 1311 846 1320 873; x_wconf 90' lang='lat'>:</span> <span class='ocrx_word' id='word_1_74' title='bbox 1349 847 1370 870; x_wconf 89' lang='lat'>«</span> <span class='ocrx_word' id='word_1_75' title='bbox 1395 829 1459 874; x_wconf 91' lang='lat' dir='ltr'>Ne</span> 
     </span>
     <span class='ocr_line' id='line_1_10' title="bbox 68 891 1455 953; baseline 0.006 -19"><span class='ocrx_word' id='word_1_76' title='bbox 68 909 89 932; x_wconf 89' lang='lat'>»</span> <span class='ocrx_word' id='word_1_77' title='bbox 125 892 295 947; x_wconf 87' lang='lat' dir='ltr'>timeas,</span> <span class='ocrx_word' id='word_1_78' title='bbox 320 891 486 952; x_wconf 76' lang='lat' dir='ltr'>inquit,</span> <span class='ocrx_word' id='word_1_79' title='bbox 515 892 747 949; x_wconf 77' lang='lat' dir='ltr'>Zacharia,</span> <span class='ocrx_word' id='word_1_80' title='bbox 773 909 872 938; x_wconf 90' lang='lat' dir='ltr'>ecce</span> <span class='ocrx_word' id='word_1_81' title='bbox 894 893 1095 939; x_wconf 77' lang='lat' dir='ltr'>exaudita</span> <span class='ocrx_word' id='word_1_82' title='bbox 1117 905 1181 940; x_wconf 83' lang='lat' dir='ltr'>cst</span> <span class='ocrx_word' id='word_1_83' title='bbox 1202 898 1340 942; x_wconf 88' lang='lat' dir='ltr'>oratio</span> <span class='ocrx_word' id='word_1_84' title='bbox 1363 907 1455 953; x_wconf 81' lang='lat' dir='ltr'>tua,</span> 
     </span>
     <span class='ocr_line' id='line_1_11' title="bbox 68 962 1461 1024; baseline 0.006 -20"><span class='ocrx_word' id='word_1_85' title='bbox 68 980 90 1004; x_wconf 90' lang='lat'>»</span> <span class='ocrx_word' id='word_1_86' title='bbox 124 972 167 1006; x_wconf 86' lang='lat' dir='ltr'>et</span> <span class='ocrx_word' id='word_1_87' title='bbox 184 978 294 1007; x_wconf 85' lang='lat' dir='ltr'>uxor</span> <span class='ocrx_word' id='word_1_88' title='bbox 316 972 391 1008; x_wconf 87' lang='lat' dir='ltr'>tua</span> <span class='ocrx_word' id='word_1_89' title='bbox 424 962 648 1009; x_wconf 82' lang='lat' dir='ltr'>Elisabeth</span> <span class='ocrx_word' id='word_1_90' title='bbox 672 964 810 1024; x_wconf 84' lang='lat' dir='ltr'>pariet</span> <span class='ocrx_word' id='word_1_91' title='bbox 835 965 911 1009; x_wconf 89' lang='lat' dir='ltr'>tibi</span> <span class='ocrx_word' id='word_1_92' title='bbox 948 965 1088 1010; x_wconf 88' lang='lat' dir='ltr'>filium</span> <span class='ocrx_word' id='word_1_93' title='bbox 1112 977 1156 1011; x_wconf 86' lang='lat' dir='ltr'>ct</span> <span class='ocrx_word' id='word_1_94' title='bbox 1182 968 1356 1013; x_wconf 86' lang='lat' dir='ltr'>vocabis</span> <span class='ocrx_word' id='word_1_95' title='bbox 1377 985 1461 1014; x_wconf 88' lang='lat' dir='ltr'>no-</span> 
     </span>
     <span class='ocr_line' id='line_1_12' title="bbox 68 1035 1460 1095; baseline 0.007 -20"><span class='ocrx_word' id='word_1_96' title='bbox 68 1051 89 1075; x_wconf 91' lang='lat'>»</span> <span class='ocrx_word' id='word_1_97' title='bbox 123 1048 225 1078; x_wconf 91' lang='lat' dir='ltr'>men</span> <span class='ocrx_word' id='word_1_98' title='bbox 243 1035 332 1094; x_wconf 86' lang='lat' dir='ltr'>ejus</span> <span class='ocrx_word' id='word_1_99' title='bbox 356 1036 596 1093; x_wconf 80' lang='lat' dir='ltr'>Joanuem3</span> <span class='ocrx_word' id='word_1_100' title='bbox 621 1035 693 1080; x_wconf 89' lang='lat' dir='ltr'>hie</span> <span class='ocrx_word' id='word_1_101' title='bbox 717 1035 799 1079; x_wconf 89' lang='lat' dir='ltr'>erit</span> <span class='ocrx_word' id='word_1_102' title='bbox 818 1051 1002 1095; x_wconf 84' lang='lat' dir='ltr'>magnus</span> <span class='ocrx_word' id='word_1_103' title='bbox 1019 1047 1062 1081; x_wconf 88' lang='lat' dir='ltr'>et</span> <span class='ocrx_word' id='word_1_104' title='bbox 1082 1037 1209 1082; x_wconf 85' lang='lat' dir='ltr'>multi</span> <span class='ocrx_word' id='word_1_105' title='bbox 1232 1040 1278 1083; x_wconf 87' lang='lat' dir='ltr'>in</span> <span class='ocrx_word' id='word_1_106' title='bbox 1300 1040 1460 1085; x_wconf 87' lang='lat' dir='ltr'>nativi-</span> 
     </span>
     <span class='ocr_line' id='line_1_13' title="bbox 69 1103 1462 1164; baseline 0.007 -19"><span class='ocrx_word' id='word_1_107' title='bbox 69 1123 89 1145; x_wconf 91' lang='lat'>»</span> <span class='ocrx_word' id='word_1_108' title='bbox 122 1113 212 1148; x_wconf 90' lang='lat' dir='ltr'>tate</span> <span class='ocrx_word' id='word_1_109' title='bbox 229 1105 319 1164; x_wconf 86' lang='lat' dir='ltr'>ejus</span> <span class='ocrx_word' id='word_1_110' title='bbox 342 1103 599 1162; x_wconf 74' lang='lat' dir='ltr'>gaudebunt</span> <span class='ocrx_word' id='word_1_111' title='bbox 620 1109 699 1162; x_wconf 83' lang='lat' dir='ltr'>(a).</span> <span class='ocrx_word' id='word_1_112' title='bbox 715 1124 735 1147; x_wconf 86' lang='lat'>»</span> <span class='ocrx_word' id='word_1_113' title='bbox 761 1107 867 1150; x_wconf 86' lang='lat' dir='ltr'>Erat</span> <span class='ocrx_word' id='word_1_114' title='bbox 889 1117 1035 1151; x_wconf 83' lang='lat' dir='ltr'>autem</span> <span class='ocrx_word' id='word_1_115' title='bbox 1060 1109 1285 1154; x_wconf 81' lang='lat' dir='ltr'>Zacharias</span> <span class='ocrx_word' id='word_1_116' title='bbox 1314 1126 1462 1155; x_wconf 87' lang='lat' dir='ltr'>senec-</span> 
     </span>
     <span class='ocr_line' id='line_1_14' title="bbox 63 1174 1461 1238; baseline 0.007 -20"><span class='ocrx_word' id='word_1_117' title='bbox 63 1183 160 1219; x_wconf 85' lang='lat' dir='ltr'>tute</span> <span class='ocrx_word' id='word_1_118' title='bbox 187 1174 405 1220; x_wconf 89' lang='lat' dir='ltr'>marcidus</span> <span class='ocrx_word' id='word_1_119' title='bbox 421 1210 432 1231; x_wconf 86' lang='lat'>,</span> <span class='ocrx_word' id='word_1_120' title='bbox 466 1175 725 1234; x_wconf 82' lang='lat' dir='ltr'>genitalibus</span> <span class='ocrx_word' id='word_1_121' title='bbox 758 1177 871 1222; x_wconf 86' lang='lat' dir='ltr'>forte</span> <span class='ocrx_word' id='word_1_122' title='bbox 892 1179 1085 1238; x_wconf 82' lang='lat' dir='ltr'>privatus</span> <span class='ocrx_word' id='word_1_123' title='bbox 1102 1216 1112 1236; x_wconf 83' lang='grc'>,</span> <span class='ocrx_word' id='word_1_124' title='bbox 1156 1180 1461 1228; x_wconf 86' lang='lat' dir='ltr'>deficientibus</span> 
     </span>
     <span class='ocr_line' id='line_1_15' title="bbox 65 1247 1463 1314; baseline 0.006 -23"><span class='ocrx_word' id='word_1_125' title='bbox 65 1247 120 1291; x_wconf 86' lang='lat' dir='ltr'>ab</span> <span class='ocrx_word' id='word_1_126' title='bbox 141 1248 259 1292; x_wconf 81' lang='lat' dir='ltr'>aevo⁴</span> <span class='ocrx_word' id='word_1_127' title='bbox 285 1247 490 1292; x_wconf 87' lang='lat' dir='ltr'>membris</span> <span class='ocrx_word' id='word_1_128' title='bbox 511 1248 726 1293; x_wconf 87' lang='lat' dir='ltr'>invalidus</span> <span class='ocrx_word' id='word_1_129' title='bbox 742 1284 752 1304; x_wconf 76' lang='lat'><em>‚</em></span> <span class='ocrx_word' id='word_1_130' title='bbox 779 1266 828 1294; x_wconf 90' lang='lat' dir='ltr'>ac</span> <span class='ocrx_word' id='word_1_131' title='bbox 843 1259 934 1294; x_wconf 89' lang='lat' dir='ltr'>tota</span> <span class='ocrx_word' id='word_1_132' title='bbox 951 1267 1063 1311; x_wconf 87' lang='lat' dir='ltr'>pene</span> <span class='ocrx_word' id='word_1_133' title='bbox 1081 1268 1290 1313; x_wconf 80' lang='lat' dir='ltr'>compage</span> <span class='ocrx_word' id='word_1_134' title='bbox 1310 1270 1463 1314; x_wconf 87' lang='lat' dir='ltr'>corpo-</span> 
     </span>
     <span class='ocr_line' id='line_1_16' title="bbox 65 1316 1459 1382; baseline 0.008 -22"><span class='ocrx_word' id='word_1_135' title='bbox 65 1316 120 1362; x_wconf 88' lang='lat' dir='ltr'>ris</span> <span class='ocrx_word' id='word_1_136' title='bbox 143 1317 432 1377; x_wconf 75' lang='lat' dir='ltr'>dissolutus⁵3</span> <span class='ocrx_word' id='word_1_137' title='bbox 458 1318 518 1364; x_wconf 87' lang='lat' dir='ltr'>ita</span> <span class='ocrx_word' id='word_1_138' title='bbox 540 1329 631 1363; x_wconf 88' lang='lat' dir='ltr'>erat</span> <span class='ocrx_word' id='word_1_139' title='bbox 658 1319 854 1378; x_wconf 83' lang='lat' dir='ltr'>neglecta</span> <span class='ocrx_word' id='word_1_140' title='bbox 882 1322 1056 1382; x_wconf 77' lang='lat' dir='ltr'>conjux,</span> <span class='ocrx_word' id='word_1_141' title='bbox 1091 1322 1349 1370; x_wconf 86' lang='lat' dir='ltr'>infoecunda</span> <span class='ocrx_word' id='word_1_142' title='bbox 1370 1335 1459 1371; x_wconf 86' lang='lat' dir='ltr'>ste-</span> 
     </span>
     <span class='ocr_line' id='line_1_17' title="bbox 65 1390 1461 1452; baseline 0.004 -15"><span class='ocrx_word' id='word_1_143' title='bbox 65 1392 264 1451; x_wconf 77' lang='lat' dir='ltr'>rilisque3</span> <span class='ocrx_word' id='word_1_144' title='bbox 279 1390 513 1435; x_wconf 84' lang='lat' dir='ltr'>convenire</span> <span class='ocrx_word' id='word_1_145' title='bbox 532 1390 794 1450; x_wconf 88' lang='lat' dir='ltr'>impotentes</span> <span class='ocrx_word' id='word_1_146' title='bbox 812 1393 1055 1452; x_wconf 86' lang='lat' dir='ltr'>juventutis</span> <span class='ocrx_word' id='word_1_147' title='bbox 1073 1395 1180 1440; x_wconf 87' lang='lat' dir='ltr'>flore</span> <span class='ocrx_word' id='word_1_148' title='bbox 1195 1396 1371 1452; x_wconf 78' lang='lat' dir='ltr'>siccato,</span> <span class='ocrx_word' id='word_1_149' title='bbox 1395 1398 1461 1442; x_wconf 90' lang='lat' dir='ltr'>in-</span> 
     </span>
     <span class='ocr_line' id='line_1_18' title="bbox 64 1461 1455 1524; baseline 0.004 -17"><span class='ocrx_word' id='word_1_150' title='bbox 64 1462 199 1507; x_wconf 90' lang='lat' dir='ltr'>firmis</span> <span class='ocrx_word' id='word_1_151' title='bbox 239 1461 430 1516; x_wconf 72' lang='lat' dir='ltr'>actibus,</span> <span class='ocrx_word' id='word_1_152' title='bbox 475 1461 687 1507; x_wconf 78' lang='lat' dir='ltr'>exhausto</span> <span class='ocrx_word' id='word_1_153' title='bbox 720 1462 907 1507; x_wconf 86' lang='lat' dir='ltr'>naturali</span> <span class='ocrx_word' id='word_1_154' title='bbox 944 1464 1091 1524; x_wconf 84' lang='lat' dir='ltr'>vigore</span> <span class='ocrx_word' id='word_1_155' title='bbox 1129 1478 1398 1513; x_wconf 87' lang='lat' dir='ltr'>cessaverant</span> <span class='ocrx_word' id='word_1_156' title='bbox 1423 1469 1455 1513; x_wconf 84' lang='lat'>⁰.</span> 
     </span>
     <span class='ocr_line' id='line_1_19' title="bbox 65 1532 1457 1593; baseline 0.004 -15"><span class='ocrx_word' id='word_1_157' title='bbox 65 1533 205 1593; x_wconf 87' lang='lat' dir='ltr'>Igitur</span> <span class='ocrx_word' id='word_1_158' title='bbox 225 1533 337 1592; x_wconf 90' lang='lat' dir='ltr'>proh</span> <span class='ocrx_word' id='word_1_159' title='bbox 359 1532 469 1576; x_wconf 87' lang='lat' dir='ltr'>mira</span> <span class='ocrx_word' id='word_1_160' title='bbox 490 1532 684 1592; x_wconf 88' lang='lat' dir='ltr'>potentia</span> <span class='ocrx_word' id='word_1_161' title='bbox 706 1533 960 1593; x_wconf 81' lang='lat' dir='ltr'>majestatis!</span> <span class='ocrx_word' id='word_1_162' title='bbox 998 1537 1210 1581; x_wconf 80' lang='lat' dir='ltr'>excursis⁷</span> <span class='ocrx_word' id='word_1_163' title='bbox 1236 1538 1337 1583; x_wconf 81' lang='lat' dir='ltr'>vitae</span> <span class='ocrx_word' id='word_1_164' title='bbox 1354 1555 1457 1584; x_wconf 92' lang='lat' dir='ltr'>cur-</span> 
     </span>
     <span class='ocr_line' id='line_1_20' title="bbox 64 1603 1461 1669; baseline 0.005 -21"><span class='ocrx_word' id='word_1_165' title='bbox 64 1603 210 1649; x_wconf 88' lang='lat' dir='ltr'>riculis</span> <span class='ocrx_word' id='word_1_166' title='bbox 233 1603 290 1648; x_wconf 87' lang='lat' dir='ltr'>ad</span> <span class='ocrx_word' id='word_1_167' title='bbox 321 1611 459 1648; x_wconf 89' lang='lat' dir='ltr'>metas</span> <span class='ocrx_word' id='word_1_168' title='bbox 494 1604 645 1648; x_wconf 90' lang='lat' dir='ltr'>mortis</span> <span class='ocrx_word' id='word_1_169' title='bbox 667 1619 789 1648; x_wconf 87' lang='lat' dir='ltr'>senes</span> <span class='ocrx_word' id='word_1_170' title='bbox 825 1604 1061 1665; x_wconf 75' lang='lat' dir='ltr'>accedunt3</span> <span class='ocrx_word' id='word_1_171' title='bbox 1091 1617 1270 1668; x_wconf 88' lang='lat' dir='ltr'>repente</span> <span class='ocrx_word' id='word_1_172' title='bbox 1291 1610 1461 1669; x_wconf 89' lang='lat' dir='ltr'>prolem</span> 
     </span>
     <span class='ocr_line' id='line_1_21' title="bbox 63 1674 1460 1738; baseline 0.004 -17"><span class='ocrx_word' id='word_1_173' title='bbox 63 1675 111 1722; x_wconf 91' lang='lat' dir='ltr'>in</span> <span class='ocrx_word' id='word_1_174' title='bbox 130 1675 282 1721; x_wconf 89' lang='lat' dir='ltr'>limine</span> <span class='ocrx_word' id='word_1_175' title='bbox 297 1674 449 1720; x_wconf 82' lang='lat' dir='ltr'>mortis</span> <span class='ocrx_word' id='word_1_176' title='bbox 466 1685 696 1734; x_wconf 81' lang='lat' dir='ltr'>generant,</span> <span class='ocrx_word' id='word_1_177' title='bbox 722 1692 856 1738; x_wconf 86' lang='lat' dir='ltr'>quam</span> <span class='ocrx_word' id='word_1_178' title='bbox 879 1678 1122 1737; x_wconf 83' lang='lat' dir='ltr'>requirunt.</span> <span class='ocrx_word' id='word_1_179' title='bbox 1147 1679 1232 1724; x_wconf 87' lang='lat' dir='ltr'>Sed</span> <span class='ocrx_word' id='word_1_180' title='bbox 1253 1681 1460 1726; x_wconf 88' lang='lat' dir='ltr'>incredu-</span> 
     </span>
     <span class='ocr_line' id='line_1_22' title="bbox 63 1746 1463 1812; baseline 0.003 -19"><span class='ocrx_word' id='word_1_181' title='bbox 63 1747 132 1793; x_wconf 86' lang='lat' dir='ltr'>lus</span> <span class='ocrx_word' id='word_1_182' title='bbox 149 1747 388 1803; x_wconf 82' lang='lat' dir='ltr'>Zacharias,</span> <span class='ocrx_word' id='word_1_183' title='bbox 405 1746 599 1807; x_wconf 86' lang='lat' dir='ltr'>pondere</span> <span class='ocrx_word' id='word_1_184' title='bbox 610 1746 812 1792; x_wconf 87' lang='lat' dir='ltr'>videlicet</span> <span class='ocrx_word' id='word_1_185' title='bbox 825 1747 1016 1808; x_wconf 71' lang='lat' dir='ltr'>judaicae</span> <span class='ocrx_word' id='word_1_186' title='bbox 1033 1749 1266 1794; x_wconf 86' lang='lat' dir='ltr'>senectutis</span> <span class='ocrx_word' id='word_1_187' title='bbox 1284 1767 1463 1812; x_wconf 88' lang='lat' dir='ltr'>oppres-</span> 
     </span>
     <span class='ocr_line' id='line_1_23' title="bbox 64 1817 1460 1882; baseline 0.002 -16"><span class='ocrx_word' id='word_1_188' title='bbox 64 1836 136 1866; x_wconf 88' lang='lat' dir='ltr'>sus</span> <span class='ocrx_word' id='word_1_189' title='bbox 153 1856 163 1876; x_wconf 82' lang='grc'><strong><em>,</em></strong></span> <span class='ocrx_word' id='word_1_190' title='bbox 199 1818 367 1878; x_wconf 84' lang='lat' dir='ltr'>Angelo</span> <span class='ocrx_word' id='word_1_191' title='bbox 388 1834 479 1863; x_wconf 88' lang='lat' dir='ltr'>non</span> <span class='ocrx_word' id='word_1_192' title='bbox 499 1817 706 1874; x_wconf 82' lang='lat' dir='ltr'>credidit,</span> <span class='ocrx_word' id='word_1_193' title='bbox 738 1819 862 1879; x_wconf 84' lang='lat' dir='ltr'>quod</span> <span class='ocrx_word' id='word_1_194' title='bbox 880 1819 1062 1864; x_wconf 86' lang='lat' dir='ltr'>audivit.</span> <span class='ocrx_word' id='word_1_195' title='bbox 1083 1823 1273 1882; x_wconf 85' lang='lat' dir='ltr'>Moxque</span> <span class='ocrx_word' id='word_1_196' title='bbox 1289 1822 1460 1882; x_wconf 82' lang='lat' dir='ltr'>legatus</span> 
     </span>
     <span class='ocr_line' id='line_1_24' title="bbox 65 1888 1460 1953; baseline 0.001 -16"><span class='ocrx_word' id='word_1_197' title='bbox 65 1891 166 1937; x_wconf 87' lang='lat' dir='ltr'>coeli</span> <span class='ocrx_word' id='word_1_198' title='bbox 193 1888 370 1936; x_wconf 86' lang='lat' dir='ltr'>Gabriel</span> <span class='ocrx_word' id='word_1_199' title='bbox 399 1905 634 1949; x_wconf 85' lang='lat' dir='ltr'>synagogae</span> <span class='ocrx_word' id='word_1_200' title='bbox 662 1889 928 1934; x_wconf 70' lang='lat' dir='ltr'>incredulaess</span> <span class='ocrx_word' id='word_1_201' title='bbox 957 1890 1226 1936; x_wconf 83' lang='lat' dir='ltr'>sacerdotem</span> <span class='ocrx_word' id='word_1_202' title='bbox 1251 1894 1367 1953; x_wconf 86' lang='lat' dir='ltr'>justa</span> <span class='ocrx_word' id='word_1_203' title='bbox 1389 1895 1460 1938; x_wconf 88' lang='lat' dir='ltr'>in-</span> 
     </span>
     <span class='ocr_line' id='line_1_25' title="bbox 62 1959 1459 2022; baseline 0.001 -14"><span class='ocrx_word' id='word_1_204' title='bbox 62 1961 314 2022; x_wconf 85' lang='lat' dir='ltr'>crepatione</span> <span class='ocrx_word' id='word_1_205' title='bbox 336 1960 565 2020; x_wconf 81' lang='lat' dir='ltr'>corripuit,</span> <span class='ocrx_word' id='word_1_206' title='bbox 586 1969 631 2004; x_wconf 89' lang='lat' dir='ltr'>et</span> <span class='ocrx_word' id='word_1_207' title='bbox 646 1975 801 2005; x_wconf 88' lang='lat' dir='ltr'>vocem</span> <span class='ocrx_word' id='word_1_208' title='bbox 822 1959 902 2016; x_wconf 77' lang='lat' dir='ltr'>illi,</span> <span class='ocrx_word' id='word_1_209' title='bbox 919 1976 1053 2021; x_wconf 83' lang='lat' dir='ltr'>quam</span> <span class='ocrx_word' id='word_1_210' title='bbox 1069 1961 1302 2009; x_wconf 86' lang='lat' dir='ltr'>infidelitas</span> <span class='ocrx_word' id='word_1_211' title='bbox 1320 1963 1459 2010; x_wconf 88' lang='lat' dir='ltr'>dene-</span> 
     </span>
     <span class='ocr_line' id='line_1_26' title="bbox 66 2029 441 2094; baseline -0.011 -16"><span class='ocrx_word' id='word_1_212' title='bbox 66 2034 218 2094; x_wconf 78' lang='lat' dir='ltr'>gabat,</span> <span class='ocrx_word' id='word_1_213' title='bbox 242 2029 441 2077; x_wconf 88' lang='lat' dir='ltr'>abscidit.</span> 
     </span>
    </p>

    <p class='ocr_par' dir='ltr' id='par_1_3' title="bbox 125 2102 1462 2165">
     <span class='ocr_line' id='line_1_27' title="bbox 125 2102 1462 2165; baseline 0.004 -15"><span class='ocrx_word' id='word_1_214' title='bbox 125 2108 180 2151; x_wconf 89' lang='lat' dir='ltr'>V.</span> <span class='ocrx_word' id='word_1_215' title='bbox 216 2103 378 2165; x_wconf 87' lang='lat' dir='ltr'>Implet</span> <span class='ocrx_word' id='word_1_216' title='bbox 410 2111 558 2148; x_wconf 83' lang='lat' dir='ltr'>tamen</span> <span class='ocrx_word' id='word_1_217' title='bbox 581 2102 790 2149; x_wconf 83' lang='lat' dir='ltr'>Divinitas</span> <span class='ocrx_word' id='word_1_218' title='bbox 811 2104 1019 2164; x_wconf 88' lang='lat' dir='ltr'>promissa</span> <span class='ocrx_word' id='word_1_219' title='bbox 1041 2121 1140 2162; x_wconf 80' lang='lat' dir='ltr'>sua,</span> <span class='ocrx_word' id='word_1_220' title='bbox 1181 2115 1226 2154; x_wconf 88' lang='lat' dir='ltr'>et</span> <span class='ocrx_word' id='word_1_221' title='bbox 1246 2109 1462 2154; x_wconf 88' lang='lat' dir='ltr'>Joannem</span> 
     </span>
    </p>
   </div>
   <div class='ocr_carea' id='block_1_3' title="bbox 65 2209 1466 2717">
    <p class='ocr_par' dir='ltr' id='par_1_4' title="bbox 111 2209 446 2256">
     <span class='ocr_line' id='line_1_28' title="bbox 111 2209 446 2256; baseline -0.012 -9"><span class='ocrx_word' id='word_1_222' title='bbox 111 2214 157 2256; x_wconf 88' lang='lat' dir='ltr'>(a)</span> <span class='ocrx_word' id='word_1_223' title='bbox 175 2214 255 2247; x_wconf 85' lang='lat' dir='ltr'>Luc.</span> <span class='ocrx_word' id='word_1_224' title='bbox 268 2223 293 2254; x_wconf 85' lang='lat'>1,</span> <span class='ocrx_word' id='word_1_225' title='bbox 320 2213 372 2254; x_wconf 78' lang='lat'>13,</span> <span class='ocrx_word' id='word_1_226' title='bbox 393 2209 446 2254; x_wconf 62' lang='lat'>14.</span> 
     </span>
    </p>

    <p class='ocr_par' dir='ltr' id='par_1_5' title="bbox 65 2280 1466 2668">
     <span class='ocr_line' id='line_1_29' title="bbox 117 2280 1465 2328; baseline -0.004 -13"><span class='ocrx_word' id='word_1_227' title='bbox 117 2290 126 2306; x_wconf 86' lang='lat'>¹</span> <span class='ocrx_word' id='word_1_228' title='bbox 147 2282 227 2315; x_wconf 86' lang='lat' dir='ltr'>Cod.</span> <span class='ocrx_word' id='word_1_229' title='bbox 242 2281 311 2313; x_wconf 84' lang='lat' dir='ltr'>sine</span> <span class='ocrx_word' id='word_1_230' title='bbox 322 2291 434 2313; x_wconf 76' lang='lat' dir='ltr'>sensu:</span> <span class='ocrx_word' id='word_1_231' title='bbox 454 2280 644 2312; x_wconf 71' lang='lat' dir='ltr'>Proscrata</span> <span class='ocrx_word' id='word_1_232' title='bbox 657 2282 928 2327; x_wconf 70' lang='lat' dir='ltr'>summatimque,</span> <span class='ocrx_word' id='word_1_233' title='bbox 953 2283 1024 2313; x_wconf 81' lang='lat' dir='ltr'>Deo</span> <span class='ocrx_word' id='word_1_234' title='bbox 1035 2280 1120 2314; x_wconf 76' lang='lat' dir='ltr'>dant</span> <span class='ocrx_word' id='word_1_235' title='bbox 1130 2298 1141 2322; x_wconf 85' lang='lat'><em>;</em></span> <span class='ocrx_word' id='word_1_236' title='bbox 1149 2295 1315 2328; x_wconf 77' lang='lat' dir='ltr'>peragere</span> <span class='ocrx_word' id='word_1_237' title='bbox 1332 2297 1465 2319; x_wconf 74' lang='lat' dir='ltr'>merea-</span> 
     </span>
     <span class='ocr_line' id='line_1_30' title="bbox 69 2337 1466 2386; baseline -0.004 -13"><span class='ocrx_word' id='word_1_238' title='bbox 69 2351 147 2373; x_wconf 77' lang='lat' dir='ltr'>mur</span> <span class='ocrx_word' id='word_1_239' title='bbox 157 2351 265 2374; x_wconf 81' lang='lat' dir='ltr'>causa</span> <span class='ocrx_word' id='word_1_240' title='bbox 277 2338 506 2383; x_wconf 75' lang='lat' dir='ltr'>propositam.</span> <span class='ocrx_word' id='word_1_241' title='bbox 517 2354 560 2358; x_wconf 97' lang='lat'><strong>—</strong></span> <span class='ocrx_word' id='word_1_242' title='bbox 573 2343 586 2359; x_wconf 80' lang='lat'><strong>2</strong></span> <span class='ocrx_word' id='word_1_243' title='bbox 601 2337 677 2369; x_wconf 82' lang='lat' dir='ltr'>eod.</span> <span class='ocrx_word' id='word_1_244' title='bbox 692 2337 776 2370; x_wconf 82' lang='lat' dir='ltr'>male</span> <span class='ocrx_word' id='word_1_245' title='bbox 793 2349 950 2384; x_wconf 73' lang='lat' dir='ltr'>seroque.</span> <span class='ocrx_word' id='word_1_246' title='bbox 970 2356 1014 2361; x_wconf 85' lang='lat'>—-</span> <span class='ocrx_word' id='word_1_247' title='bbox 1028 2337 1041 2360; x_wconf 80' lang='lat'><em>3</em></span> <span class='ocrx_word' id='word_1_248' title='bbox 1055 2340 1133 2371; x_wconf 86' lang='lat' dir='ltr'>Cod.</span> <span class='ocrx_word' id='word_1_249' title='bbox 1148 2341 1232 2373; x_wconf 84' lang='lat' dir='ltr'>male</span> <span class='ocrx_word' id='word_1_250' title='bbox 1241 2342 1366 2386; x_wconf 76' lang='lat' dir='ltr'>pavido</span> <span class='ocrx_word' id='word_1_251' title='bbox 1381 2356 1466 2386; x_wconf 62' lang='lat' dir='ltr'>pcc-</span> 
     </span>
     <span class='ocr_line' id='line_1_31' title="bbox 72 2391 1464 2443; baseline -0.004 -14"><span class='ocrx_word' id='word_1_252' title='bbox 72 2404 144 2429; x_wconf 80' lang='lat' dir='ltr'>tore</span> <span class='ocrx_word' id='word_1_253' title='bbox 167 2402 312 2428; x_wconf 80' lang='lat' dir='ltr'>secreto.</span> <span class='ocrx_word' id='word_1_254' title='bbox 332 2391 402 2417; x_wconf 70' lang='lat'>—4</span> <span class='ocrx_word' id='word_1_255' title='bbox 420 2392 499 2425; x_wconf 90' lang='lat' dir='ltr'>Cod.</span> <span class='ocrx_word' id='word_1_256' title='bbox 519 2405 541 2424; x_wconf 87' lang='lat' dir='ltr'>a</span> <span class='ocrx_word' id='word_1_257' title='bbox 560 2400 626 2425; x_wconf 81' lang='lat' dir='ltr'>tuo.</span> <span class='ocrx_word' id='word_1_258' title='bbox 645 2410 687 2415; x_wconf 91' lang='lat'>—</span> <span class='ocrx_word' id='word_1_259' title='bbox 704 2391 720 2414; x_wconf 89' lang='lat'><strong><em>5</em></strong></span> <span class='ocrx_word' id='word_1_260' title='bbox 733 2393 811 2425; x_wconf 87' lang='lat' dir='ltr'>Cod.</span> <span class='ocrx_word' id='word_1_261' title='bbox 829 2394 914 2426; x_wconf 83' lang='lat' dir='ltr'>male</span> <span class='ocrx_word' id='word_1_262' title='bbox 931 2392 1178 2429; x_wconf 76' lang='lat' dir='ltr'>dissolvantur.</span> <span class='ocrx_word' id='word_1_263' title='bbox 1197 2414 1239 2420; x_wconf 87' lang='lat'>—</span> <span class='ocrx_word' id='word_1_264' title='bbox 1251 2396 1267 2421; x_wconf 90' lang='lat'><strong>6</strong></span> <span class='ocrx_word' id='word_1_265' title='bbox 1282 2400 1464 2443; x_wconf 63' lang='lat' dir='ltr'>Haecphra-</span> 
     </span>
     <span class='ocr_line' id='line_1_32' title="bbox 70 2448 1466 2503; baseline 0.004 -19"><span class='ocrx_word' id='word_1_266' title='bbox 70 2453 112 2484; x_wconf 78' lang='lat' dir='ltr'>sis</span> <span class='ocrx_word' id='word_1_267' title='bbox 130 2451 161 2484; x_wconf 90' lang='lat' dir='ltr'>in</span> <span class='ocrx_word' id='word_1_268' title='bbox 178 2451 297 2485; x_wconf 85' lang='lat' dir='ltr'>Codice</span> <span class='ocrx_word' id='word_1_269' title='bbox 325 2460 454 2493; x_wconf 85' lang='lat' dir='ltr'>prorsus</span> <span class='ocrx_word' id='word_1_270' title='bbox 479 2448 719 2490; x_wconf 82' lang='lat' dir='ltr'>inintelligibilis</span> <span class='ocrx_word' id='word_1_271' title='bbox 741 2461 748 2480; x_wconf 93' lang='lat'>:</span> <span class='ocrx_word' id='word_1_272' title='bbox 771 2450 1012 2481; x_wconf 70' lang='lat' dir='ltr'>Convenerunt</span> <span class='ocrx_word' id='word_1_273' title='bbox 1030 2451 1067 2482; x_wconf 80' lang='lat' dir='ltr'>in</span> <span class='ocrx_word' id='word_1_274' title='bbox 1085 2453 1256 2492; x_wconf 78' lang='lat' dir='ltr'>possessio</span> <span class='ocrx_word' id='word_1_275' title='bbox 1273 2458 1466 2503; x_wconf 67' lang='lat' dir='ltr'>juventutis</span> 
     </span>
     <span class='ocr_line' id='line_1_33' title="bbox 65 2505 1464 2552; baseline -0.004 -10"><span class='ocrx_word' id='word_1_276' title='bbox 65 2509 159 2552; x_wconf 73' lang='lat' dir='ltr'>flore</span> <span class='ocrx_word' id='word_1_277' title='bbox 179 2507 309 2540; x_wconf 82' lang='lat' dir='ltr'>siccato</span> <span class='ocrx_word' id='word_1_278' title='bbox 327 2507 363 2539; x_wconf 81' lang='lat' dir='ltr'>in</span> <span class='ocrx_word' id='word_1_279' title='bbox 379 2506 490 2539; x_wconf 78' lang='lat' dir='ltr'>curvis</span> <span class='ocrx_word' id='word_1_280' title='bbox 509 2505 640 2538; x_wconf 79' lang='lat' dir='ltr'>aclibus</span> <span class='ocrx_word' id='word_1_281' title='bbox 663 2505 835 2538; x_wconf 78' lang='lat' dir='ltr'>exhausto</span> <span class='ocrx_word' id='word_1_282' title='bbox 851 2506 1008 2538; x_wconf 78' lang='lat' dir='ltr'>natarali</span> <span class='ocrx_word' id='word_1_283' title='bbox 1022 2506 1144 2550; x_wconf 73' lang='lat' dir='ltr'>vigore</span> <span class='ocrx_word' id='word_1_284' title='bbox 1163 2509 1364 2544; x_wconf 75' lang='lat' dir='ltr'>lassaverat.</span> <span class='ocrx_word' id='word_1_285' title='bbox 1382 2515 1464 2547; x_wconf 88' lang='lat' dir='ltr'>Lee-</span> 
     </span>
     <span class='ocr_line' id='line_1_34' title="bbox 73 2562 1465 2609; baseline 0.003 -11"><span class='ocrx_word' id='word_1_286' title='bbox 73 2571 124 2598; x_wconf 78' lang='lat' dir='ltr'>tor</span> <span class='ocrx_word' id='word_1_287' title='bbox 145 2565 255 2597; x_wconf 82' lang='lat' dir='ltr'>videat</span> <span class='ocrx_word' id='word_1_288' title='bbox 271 2563 505 2596; x_wconf 84' lang='lat' dir='ltr'>correctionem</span> <span class='ocrx_word' id='word_1_289' title='bbox 535 2566 569 2596; x_wconf 85' lang='lat' dir='ltr'>et</span> <span class='ocrx_word' id='word_1_290' title='bbox 582 2562 721 2603; x_wconf 79' lang='lat' dir='ltr'>judicet.</span> <span class='ocrx_word' id='word_1_291' title='bbox 740 2580 782 2585; x_wconf 89' lang='lat'>—-</span> <span class='ocrx_word' id='word_1_292' title='bbox 801 2570 814 2596; x_wconf 84' lang='lat'><strong>7</strong></span> <span class='ocrx_word' id='word_1_293' title='bbox 829 2564 906 2596; x_wconf 71' lang='lat' dir='ltr'>(lod.</span> <span class='ocrx_word' id='word_1_294' title='bbox 924 2563 1008 2596; x_wconf 82' lang='lat' dir='ltr'>male</span> <span class='ocrx_word' id='word_1_295' title='bbox 1021 2572 1090 2604; x_wconf 79' lang='lat' dir='ltr'>pro</span> <span class='ocrx_word' id='word_1_296' title='bbox 1113 2565 1200 2597; x_wconf 73' lang='lat' dir='ltr'>mira</span> <span class='ocrx_word' id='word_1_297' title='bbox 1213 2569 1369 2609; x_wconf 73' lang='lat' dir='ltr'>potentia</span> <span class='ocrx_word' id='word_1_298' title='bbox 1390 2582 1465 2603; x_wconf 83' lang='lat' dir='ltr'>ma—</span> 
     </span>
     <span class='ocr_line' id='line_1_35' title="bbox 78 2619 979 2668; baseline -0.006 -12"><span class='ocrx_word' id='word_1_299' title='bbox 78 2623 228 2662; x_wconf 75' lang='lat' dir='ltr'>iestatis,</span> <span class='ocrx_word' id='word_1_300' title='bbox 242 2622 409 2668; x_wconf 72' lang='lat' dir='ltr'>exceptt&#39;S,</span> <span class='ocrx_word' id='word_1_301' title='bbox 422 2628 486 2652; x_wconf 75' lang='lat' dir='ltr'>etc.</span> <span class='ocrx_word' id='word_1_302' title='bbox 507 2638 549 2643; x_wconf 89' lang='lat'>--</span> <span class='ocrx_word' id='word_1_303' title='bbox 565 2619 579 2643; x_wconf 81' lang='lat' dir='ltr'><strong>S</strong></span> <span class='ocrx_word' id='word_1_304' title='bbox 594 2620 671 2652; x_wconf 83' lang='lat' dir='ltr'>Cod.</span> <span class='ocrx_word' id='word_1_305' title='bbox 688 2620 767 2653; x_wconf 82' lang='lat' dir='ltr'>male</span> <span class='ocrx_word' id='word_1_306' title='bbox 779 2619 979 2653; x_wconf 66' lang='lat' dir='ltr'>incrednlsc.</span> 
     </span>
    </p>

    <p class='ocr_par' dir='ltr' id='par_1_6' title="bbox 317 2680 1280 2717">
     <span class='ocr_line' id='line_1_36' title="bbox 317 2680 1280 2717; baseline -0.008 -2"><span class='ocrx_word' id='word_1_307' title='bbox 317 2686 457 2715; x_wconf 78' lang='lat' dir='ltr'>cxxx.</span> <span class='ocrx_word' id='word_1_308' title='bbox 1236 2680 1280 2717; x_wconf 73' lang='grc' dir='ltr'>ις)</span> 
     </span>
    </p>
   </div>
  </div>
 </body>
</html>
