1803 3276
305 242 443 269 sumto
476 243 563 269 Liv.
602 244 654 269 DF.
687 240 842 270 sitis-cro
875 242 1012 271 mitto
1043 244 1268 273 APOSTOLo.
1407 239 1489 279 285

97 320 214 349 nunc
233 306 410 363 erigitur
435 306 663 351 adversum
692 316 855 351 erectos
877 342 886 361 ‚
909 323 1026 351 nunc
1060 310 1247 354 eflicitur
1269 311 1488 371 discipulis

96 383 306 435 tanquam
343 395 363 419 α
399 378 441 421 Si
478 377 623 420 nutrix
659 375 804 420 foveat
831 376 1032 437 parvulos
1066 396 1164 424 suos
1178 384 1259 438 (a).
1298 401 1317 422 »
1364 386 1489 427 Nunc

99 464 120 488 «
154 446 465 506 Apostolorum
501 456 565 491 est
597 447 794 491 omnium
831 448 1059 504 minimus,
1103 468 1122 490 »
1158 467 1276 496 nunc
1305 473 1321 493 «
1350 454 1488 498 docu-

98 534 118 557 »
153 527 353 562 mentum
377 518 443 562 sui
475 535 496 560 »
524 517 757 578 pollicetur
783 538 803 561 «
827 535 905 578 per
934 536 1033 563 eum
1066 522 1142 581 qui
1164 523 1208 565 in
1230 539 1272 567 se
1294 524 1490 585 loquitur

97 604 118 628 >›
153 588 350 633 Christus
382 587 474 647 (b)·,
500 607 520 630 n
556 605 675 634 nunc
701 609 721 632 «
758 588 913 634 resolvi
939 590 1178 648 desiderat,
1206 603 1247 637 ct
1272 610 1360 638 esse
1389 611 1490 640 cum

99 677 117 699 »
151 659 349 716 Christo,
377 678 398 702 »
424 676 543 706 nunc
564 681 584 704 «
603 676 856 721 permanere
872 661 918 704 in
940 679 1069 707 carne
1091 674 1269 724 propter
1282 681 1354 710 cos
1374 690 1389 707 »
1413 666 1489 727 qui

93 728 315 790 indigent,
341 733 629 777 necessarium
653 732 810 792 probat
831 735 908 790 (c).
949 753 968 776 «
992 737 1090 779 Non
1116 736 1270 780 »enim
1297 757 1316 779 ‹<
1333 739 1491 798 quaerit

98 819 117 841 »
152 817 253 861 quae
274 818 348 847 sua
381 813 505 859 sunt,
546 802 623 849 sed
645 803 803 864 quaerit
822 820 921 864 quae
950 823 970 845 »
994 805 1185 850 filiorum
1208 815 1309 851 sunt
1339 824 1490 853 eorum

91 887 202 932 quos
217 872 265 916 in
286 873 458 920 Christo
480 890 593 935 «per
615 873 901 933 Evangelium
918 876 1068 934 genuit
1092 875 1176 932 (cl).
1206 896 1226 917 »
1253 878 1382 931 Quod
1398 879 1489 923 uti-

89 958 178 1003 que
198 944 476 1003 singulariter
497 944 820 991 observandum
840 955 904 989 est
924 945 973 989 iis
991 947 1066 1007 qui
1087 947 1384 1006 spiritualibus
1407 966 1487 1009 po-

92 1013 204 1073 pulis
225 1025 441 1075 praesunt,
465 1026 515 1062 ut
544 1017 591 1061 in
619 1016 822 1061 omnibus
845 1033 944 1077 quae
967 1033 1044 1062 sua
1070 1027 1173 1063 sunt
1199 1018 1425 1078 negligant
1446 1030 1489 1064 et

92 1095 377 1132 contemnant
395 1104 474 1148 pro
497 1087 686 1133 utilitate
709 1097 982 1132 caeterorum.

150 1160 227 1203 IV.
268 1177 287 1201 «
313 1157 533 1204 Gloriatur
563 1178 583 1200 >›
622 1175 726 1220 ergo
755 1158 963 1215 Paulus¹,
1001 1160 1076 1204 sed
1110 1179 1129 1202 «
1158 1161 1203 1204 in
1222 1160 1488 1205 infirmitati-

94 1247 115 1270 »
151 1228 234 1273 bus
256 1231 339 1287 (e),
360 1248 380 1271 »
406 1245 455 1275 ac
481 1229 836 1274 tribulationibus
851 1229 953 1284 suis,
972 1239 1014 1274 et
1034 1230 1157 1274 velut
1178 1230 1370 1291 quodam
1392 1246 1488 1276 mo-

90 1299 170 1344 nili
202 1300 536 1346 mortificatione
558 1300 719 1347 Christi
742 1299 995 1345 adornatur.
1020 1299 1242 1346 Excelsior
1267 1311 1330 1345 est
1358 1317 1488 1361 super

90 1387 220 1417 omne
240 1373 362 1433 quod
379 1373 550 1418 carnale
567 1382 658 1431 est3
679 1372 846 1417 exultat
867 1372 913 1416 in
935 1371 1233 1433 spiritualibus
1264 1382 1307 1417 et
1328 1372 1486 1431 gloria-

90 1452 190 1499 tur,
221 1452 265 1489 et
292 1459 394 1489 cum
422 1460 514 1489 non
548 1445 602 1489 sit
632 1464 652 1486 «
684 1444 911 1504 imperitus
945 1444 990 1487 in
1020 1444 1197 1488 scientia
1218 1444 1314 1506 (s)
1333 1479 1344 1500 ‚
1373 1463 1392 1485 »
1418 1454 1486 1489 ta—

91 1529 193 1559 men
219 1533 240 1558 «
263 1530 341 1575 per
364 1514 592 1576 speculum
613 1524 657 1559 et
677 1515 723 1559 in
745 1515 976 1574 aenigmate
997 1513 1145 1559 videre
1163 1518 1225 1576 (g)
1250 1533 1270 1555 >›
1297 1530 1340 1559 se
1363 1514 1481 1559 dicit.

90 1585 285 1632 Confidit
309 1587 514 1647 Spiritui,
541 1596 585 1631 et
606 1596 752 1631 tamen
769 1601 925 1646 corpus
943 1586 1099 1644 aflligit
1115 1585 1204 1643 (le),
1230 1585 1352 1630 velut
1372 1585 1487 1629 clan-

91 1656 312 1703 destinum
346 1657 641 1704 adversarium
674 1657 924 1715 destruens3
953 1655 1062 1717 quid
1090 1672 1167 1701 nos
1201 1656 1386 1701 edocens
1410 1673 1485 1716 per

88 1728 205 1785 haec,
229 1739 273 1774 et
295 1730 404 1791 quid
420 1729 652 1775 erudiens?
669 1729 749 1773 nisi
767 1728 876 1773 nihil
893 1744 946 1772 ex
968 1728 1017 1771 iis
1039 1743 1138 1788 quae
1157 1726 1360 1772 deorsum
1385 1737 1487 1772 sunt

88 1815 372 1859 praesumere,
405 1816 550 1862 neque
586 1800 730 1845 inflari
749 1815 827 1859 per
849 1798 1073 1844 scientiam
1092 1833 1102 1853 ‚
1144 1814 1287 1858 neque
1310 1814 1486 1843 carnem

90 1871 294 1916 adversus
321 1872 522 1932 spiritum
544 1871 723 1931 erigere.
744 1873 916 1929 Pugnat
933 1884 1033 1927 ergo
1055 1867 1128 1912 ille
1152 1884 1231 1928 pro
1254 1869 1482 1926 omnibus3

90 1952 185 1987 orat
205 1959 284 2003 pro
326 1943 559 2000 omnibus3
599 1941 764 1987 zelatur
796 1955 973 1997 omnes3
999 1940 1078 1984 Dei
1106 1938 1198 1983 zelo
1233 1939 1485 1984 accenditur

91 2030 171 2075 pro
186 2014 391 2060 omnibus
406 2036 418 2073 3
434 2024 478 2059 ct
498 2014 797 2059 inflammatur
817 2027 898 2072 pro
911 2011 961 2056 iis
978 2011 1055 2072 qui
1068 2020 1186 2055 extra
1198 2010 1341 2070 legem
1364 2021 1481 2067 sunt,

92 2101 171 2146 pro
192 2087 243 2131 iis
268 2087 345 2147 qui
372 2086 420 2131 in
439 2084 536 2145 lege
565 2093 681 2130 sunt.
706 2083 914 2143 Magister
936 2080 1177 2127 Gentilium
1192 2116 1202 2136 ‚
1229 2084 1252 2125 J
1258 2080 1485 2126 udaeoruni

92 2156 327 2202 advocatus
343 2192 354 2213 ‚
378 2172 458 2217 pro
480 2156 641 2217 quibus
679 2155 810 2199 etiam
847 2152 980 2198 audet
1021 2151 1189 2212 aliquid
1216 2150 1331 2195 ultra
1352 2168 1484 2212 quani

90 2226 156 2274 fas
176 2237 241 2274 est
260 2230 313 2288 (ι’)
328 2264 340 2285 ,
363 2244 444 2290 pro
464 2227 674 2273 fratribus
697 2224 860 2271 scilicet
885 2221 1128 2269 seeundum
1150 2237 1350 2280 carnem3
1371 2232 1420 2266 ut
1442 2232 1485 2267 ct

91 2315 172 2360 ego
194 2299 379 2346 audeam
409 2299 549 2346 simile
583 2296 750 2359 aliquid
783 2295 950 2351 dicere,
982 2292 1097 2338 ultra
1126 2292 1384 2338 mandatum
1407 2293 1485 2338 Dei

135 2409 183 2451 (a)
210 2421 221 2443 ι
248 2410 358 2443 Thess.
380 2421 416 2452 11,
433 2420 465 2454 7.
481 2408 576 2449 -(b)
598 2418 610 2440 1
629 2409 701 2440 Cor.
719 2417 772 2448 xv,
791 2416 831 2449 93
848 2414 867 2437 2
884 2406 957 2437 Cor.
972 2414 1038 2444 xiix,
1058 2414 1093 2446 7.
1115 2418 1157 2425 -
1176 2401 1220 2443 (c)
1234 2400 1346 2444 Philip.
1376 2413 1398 2442 1,
1419 2402 1460 2434 23
1475 2427 1483 2443 ‚

91 2463 146 2507 24,
168 2483 212 2489 -
228 2464 278 2507 (ιῖ)
294 2475 314 2499 2
332 2468 406 2499 Cor.
425 2477 479 2508 xn,
505 2464 598 2508 1451
621 2465 758 2504 Cor.1v,
779 2461 830 2494 15.
849 2478 891 2484 --
909 2459 951 2500 (e)
974 2468 993 2491 '2
1009 2462 1082 2491 Cor.
1101 2469 1157 2500 xn,
1179 2469 1211 2500 ς).
1226 2475 1268 2480 —
1285 2457 1414 2501 (s)1d.
1437 2469 1480 2499 xi,

90 2522 123 2556 6.
145 2538 188 2545 ——
203 2521 248 2568 (g)
265 2533 278 2555 1
297 2524 369 2555 Cor.
391 2533 462 2565 xm,
485 2531 536 2555 12.
556 2519 790 2561 —-(h)1d.1x‚
810 2526 864 2561 27.
885 2532 927 2540 —-
945 2515 1034 2555 (1')2
1053 2516 1124 2547 Cor.
1140 2526 1184 2556 xi,
1212 2522 1265 2547 21.

143 2606 153 2624 ⁸
171 2600 249 2635 Cod·
269 2601 352 2637 male
372 2601 531 2647 populus.
