1803 3276
258 207 338 244 190
685 214 718 241 s,
755 208 991 241 Aucus‘rim
1022 210 1206 240 EPISCOPl

253 280 344 324 dics
385 278 695 338 redemptionis
716 287 890 332 nostrae,
915 276 1006 322 dies
1051 274 1404 322 sanctificationis
1435 283 1597 320 nostrae
1615 278 1647 331 ¹,

254 350 344 394 dics
377 359 597 410 postremo
620 348 947 393 illuminationis
977 357 1152 393 nostrfe.
1183 366 1204 389 «
1228 348 1413 391 Eramus
1439 346 1556 390 enim
1573 345 1653 390 ali-

258 440 278 462 »
313 421 492 482 quando
512 421 725 476 tenebrae,
751 436 869 464 1111110
883 428 1027 463 autem
1044 419 1119 464 lux
1136 419 1181 462 in
1202 418 1385 463 Domino
1404 421 1482 474 (ιι).
1507 435 1528 458 >›
1549 420 1655 462 Era-

256 508 353 538 mus
382 491 609 556 quondam
638 491 797 553 captivi
829 490 1018 548 diaboli,
1053 491 1130 536 scd
1158 507 1279 536 nunc
1309 490 1575 536 confitemur
1611 499 1656 535 et

257 563 443 610 dicimus
466 565 651 611 Domino
681 583 690 610 :
719 583 740 607 «
763 563 875 617 Quia
904 560 1120 623 redempti
1145 577 1297 607 sumus
1326 560 1382 606 de
1405 577 1542 608 manu
1567 560 1656 608 ini-

259 653 281 677 »
316 637 432 691 mici,
459 653 508 681 ac
530 635 585 680 dc
607 634 858 694 regionibus
875 634 1127 694 congregati
1146 632 1225 692 (b).
1248 651 1269 675 u

319 711 377 751 11.
401 706 534 751 Vobis
552 707 681 751 ctiam
706 716 750 751 et
771 706 817 750 in
843 706 988 762 vobis,
1009 720 1036 750 0
1060 705 1164 750 novi
1187 705 1417 761 Homines,
1443 704 1658 750 sententia

259 778 339 822 ista
359 776 429 821 vcl
451 777 638 822 maxime
654 778 873 837 congruit,
898 778 975 839 qui
993 787 1036 823 ct
1055 786 1174 823 veste
1197 785 1241 823 et
1257 786 1403 822 mente
1425 792 1516 838 prae
1534 785 1660 822 caete-

260 849 315 893 ris
338 848 525 894 nuncin
548 847 739 894 Ecclesia
768 847 943 894 candidi
971 848 1202 910 apparetis.
1235 849 1324 894 Vos
1357 847 1458 894 estis
1493 867 1515 893 (ι
1544 850 1661 894 Neo-

264 941 283 963 »
320 921 446 982 pliyti
463 957 474 976 ,
497 940 515 962 »
545 920 592 965 id
619 930 699 978 cst,
724 920 897 968 novella
920 921 1133 982 plantatio
1144 924 1178 978 ²,
1196 936 1307 982 quos
1329 919 1517 965 coelestis
1534 923 1662 965 Pater

260 992 379 1038 dono
397 992 535 1038 sancti
558 992 743 1053 Spiritus
764 1009 841 1054 per
859 995 883 1038 J
887 1008 1009 1038 esum
1031 992 1256 1039 Christum
1275 991 1544 1039 salvatorem
1560 1006 1663 1037 nos-

264 1074 379 1109 trum
403 1063 598 1121 abluere,
625 1082 673 1111 ac
695 1065 981 1122 sanctificare,
999 1074 1043 1110 et
1060 1081 1186 1111 novae
1207 1065 1310 1110 vitae
1325 1062 1635 1110 informatione
1649 1098 1660 1120 ‚

261 1136 307 1181 in
328 1138 475 1182 terrae³
499 1136 650 1182 salutis
672 1137 888 1198 plantario
911 1136 1127 1183 collocare
1151 1137 1357 1197 dignatus
1378 1145 1457 1182 est.
1475 1134 1666 1182 Videant

261 1223 382 1252 1111110
402 1223 479 1252 vos
502 1206 650 1251 fideles
672 1208 751 1252 Dei
773 1218 817 1252 et
838 1208 1021 1264 Christi,
1047 1207 1289 1269 spirituales
1310 1226 1331 1251 «
1356 1212 1591 1268 Paupercs,
1615 1222 1665 1252 ac

264 1296 285 1320 >›
315 1277 522 1322 luctentur
539 1282 612 1335 (C),
630 1287 674 1324 ct
695 1278 896 1324 exultent
917 1295 1094 1341 quoque
1117 1279 1218 1325 filiae
1230 1278 1356 1325 Judae
1368 1278 1456 1339 (d),
1473 1297 1494 1323 u
1509 1278 1556 1325 id
1576 1287 1663 1335 est,

262 1350 520 1395 confitentes
543 1353 633 1395 Deo
654 1351 828 1408 animae,
852 1352 956 1412 quia
977 1371 998 1394 «
1018 1353 1143 1397 Fecit
1159 1351 1285 1397 nobis
1307 1367 1467 1412 magna
1487 1350 1565 1413 qui
1585 1366 1668 1411 po-

267 1439 289 1464 »
325 1430 420 1466 tens
442 1431 507 1466 cst
522 1423 601 1481 (e).
616 1440 636 1464 1)
654 1425 758 1467 Ηῑο0
781 1432 885 1468 sunt
906 1423 1058 1484 plane,
1073 1424 1169 1469 haec
1186 1433 1289 1469 sunt
1307 1443 1328 1466 «
1345 1426 1505 1483 Magna
1520 1423 1568 1468 in
1589 1438 1668 1468 nos

266 1511 288 1536 »
323 1509 455 1554 opera
473 1494 658 1550 Domini,
677 1495 890 1556 exquisita
914 1495 960 1540 in
978 1511 1127 1541 omues
1139 1494 1387 1541 voluntates
1405 1496 1497 1556 ejus
1508 1493 1614 1557 (f).
1644 1511 1667 1538 »

264 1567 352 1611 Vos
371 1566 468 1611 estis
491 1576 610 1612 1111110
628 1567 827 1612 omnium
844 1566 1263 1628 contemplantium,
1288 1567 1426 1626 gratia
1453 1567 1551 1623 Dei,
1582 1581 1670 1627 pu-

265 1638 481 1684 rissimum
492 1638 736 1699 speculum.
750 1639 957 1700 Quisquis
970 1638 1212 1700 prudenter
1221 1637 1578 1695 consideraverit,
1593 1646 1671 1687 aut

265 1710 321 1754 (10
348 1708 633 1754 similitudine
655 1711 897 1755 conservati
918 1711 966 1755 in
982 1727 1028 1756 se
1048 1711 1242 1756 muneris
1269 1710 1579 1772 gratulabitur,
1596 1718 1673 1756 aut

265 1780 320 1826 (10
343 1781 511 1841 accepti
543 1782 655 1827 tanti
683 1781 876 1842 pignoris
913 1781 1076 1828 damno
1109 1781 1344 1828 salubriter
1378 1790 1673 1842 compunctus

265 1851 592 1898 admonebitur.
619 1852 688 1898 llli
705 1870 900 1915 quoque,
923 1854 1000 1914 qui
1023 1853 1216 1899 necdum
1240 1852 1460 1914 singulare
1481 1852 1602 1898 istud
1623 1868 1674 1898 ac

267 1924 540 1985 praecipuum
563 1924 713 1970 salutis
734 1924 903 1970 donum
925 1926 1149 1978 consecuti
1171 1935 1289 1982 sunt,
1305 1925 1508 1986 exemplo
1527 1934 1674 1971 vestro

266 1995 572 2042 incitabuntur
585 1995 985 2058 adinquirendum,
1003 2007 1135 2060 atque
1149 1996 1498 2058 adipiscendum.
1519 2016 1542 2040 «
1557 1998 1676 2046 Con-

271 2085 292 2109 »
328 2068 472 2113 firmet
486 2082 588 2126 ergo
601 2068 807 2114 Dominus
824 2069 910 2115 hoc
923 2069 1045 2131 quod
1056 2080 1261 2130 operatus
1276 2068 1534 2124 estinvobis
1548 2071 1633 2132 (g),
1650 2087 1671 2111 »

269 2149 313 2184 et
333 2141 500 2185 caeteris
515 2139 735 2197 omnibus,
751 2140 916 2199 largam
930 2140 1272 2189 misericordiam
1302 2155 1425 2188 suam
1451 2140 1671 2198 tribuens,

269 2222 402 2271 prout
417 2212 577 2274 cuique
598 2213 723 2259 novit
743 2228 834 2258 esse
856 2214 1163 2258 necessarium.

333 2286 414 2329 III.
431 2287 520 2330 Vos
540 2295 701 2341 tamen,
717 2285 984 2341 Charissimi,
1002 2301 1112 2346 quos
1128 2294 1218 2332 tota
1232 2300 1353 2331 nunc
1365 2285 1565 2331 omnium
1577 2299 1674 2330 nos-

317 2406 362 2448 (a)
389 2407 503 2450 Eplies.
525 2419 564 2451 v,
584 2408 615 2441 8.
648 2426 691 2432 —-
715 2407 764 2451 (b)
781 2408 861 2443 Psal.
881 2420 951 2452 ew,
970 2417 1004 2442 2.
1035 2425 1078 2432 —-
1102 2409 1145 2450 (c)
1177 2409 1224 2442 Id.
1253 2421 1351 2443 vaiu
1367 2435 1376 2453 ‚
1401 2409 1454 2443 33.
1480 2425 1524 2433 -
1546 2406 1596 2450 (d)
1623 2407 1672 2443 Id.

275 2475 379 2506 xtvu,
405 2474 456 2498 12.
475 2483 517 2489 —-
541 2465 582 2507 (e)
600 2468 678 2499 Luc.
698 2478 711 2499 1
729 2492 738 2510 ,
761 2465 816 2510 49.
837 2484 880 2490 -
903 2466 964 2511 (s)
994 2467 1078 2500 Psal.
1098 2477 1158 2511 cx,
1180 2475 1212 2500 2.
1232 2484 1274 2491 ·—-
1298 2466 1344 2513 (g)
1361 2467 1410 2500 Id.
1431 2478 1536 2510 mxvii,
1557 2476 1613 2510 29.

321 2540 329 2556 ¹
343 2533 424 2566 Vide
439 2535 540 2568 Scrm.
564 2545 683 2577 ccxxv,
701 2546 732 2568 ιι.
757 2532 789 2575 4.
820 2552 862 2560 -
889 2535 960 2570 2111.
982 2546 1148 2577 ccccxxvi,
1169 2546 1201 2570 11.
1228 2535 1260 2570 3.
1281 2552 1323 2560 -
1349 2533 1486 2570 ³codex
1513 2533 1598 2568 male
1617 2533 1673 2567 in-

277 2598 397 2623 lemzoe.
