1803 3276
411 326 549 358 SERMo
581 330 628 357 11.
665 330 709 357 ιΝ
740 328 1003 358 εΕΧΛςΕειΜΑ
1037 332 1082 358 11.
1356 320 1439 360 345

61 393 246 430 desiderio
265 404 450 440 quaercrc.
473 395 612 431 Audiat
636 395 794 441 denique
819 395 924 440 cujus
947 396 1156 431 membrum
1175 396 1220 432 sit
1239 423 1246 439 ,
1267 398 1434 442 quisquis

60 451 131 488 hoc
147 453 277 489 vitium
292 464 426 491 cavere
448 454 638 500 intelligit;
654 455 834 500 scriptum
852 455 989 500 quippe
1009 461 1086 490 est:
1106 470 1121 487 α
1141 456 1281 490 Invidia
1300 457 1435 492 diaboli

60 524 77 544 »
107 522 208 548 mors
226 513 390 549 introivit
406 513 442 548 in
460 514 590 550 orbem
610 520 820 558 terrarum3
837 514 1026 549 imitantur
1045 520 1168 550 autem
1187 515 1291 550 illum
1310 517 1372 561 qui
1391 526 1435 551 ex

60 581 81 606 »
106 577 213 617 parte
233 571 330 608 illius
344 578 428 608 sunt
441 573 504 621 (a).
524 583 544 607 ›)
559 574 662 610 Inter
675 573 752 609 haec
772 579 895 610 autem
920 574 1113 610 sciendum
1140 580 1194 609 est
1209 574 1332 618 uobis,
1350 575 1438 621 quia

58 636 143 666 sunt
155 631 321 667 nonnulli
334 632 416 677 ,qui
435 632 471 668 in
491 633 626 669 divitiis
641 634 698 671 vel
716 633 940 676 honoribus,
961 634 1036 670 aliis
1051 634 1202 679 quidem
1221 635 1438 679 praecellere

58 688 209 732 volunt,
227 690 293 725 sed
310 695 436 726 tamen
455 701 530 736 eos,
547 702 640 738 quos
657 692 798 728 anteire
813 703 887 728 non
904 698 1056 739 possunt
1071 692 1219 727 minime
1237 692 1440 738 insequun-

56 753 120 784 tur
133 760 141 790 ;
157 748 325 784 nonnulli
342 759 433 786 vero
450 756 560 786 tantae
577 751 787 787 invidentiae
800 750 945 787 flamma
959 753 1137 789 adversus
1152 762 1214 786 eos
1229 752 1437 787 accendun-

40 813 120 844 tur
135 835 145 853 ‚
164 813 205 844 ut
225 818 332 854 aequo
360 809 503 856 animo,
527 811 588 846 vel
614 811 725 847 rectis
751 811 866 847 oculis
888 822 1122 858 nequaquam
1148 810 1228 847 illos
1252 811 1439 855 respicere

54 866 208 912 possint.

102 923 172 961 VI.
202 923 302 962 Hinc
315 926 426 962 etiam
446 927 615 963 exoritur
632 927 822 965 homicidii
836 929 1052 973 meditatio,
1070 934 1107 964 et
1125 928 1193 965 nisi
1211 927 1363 963 effeetus
1383 927 1440 964 di-

53 982 195 1019 vinitus
213 983 476 1028 subtrahatur,
499 991 564 1022 aut
582 987 730 1023 occulta
747 988 879 1023 veneni
899 987 1164 1030 suffocatione,
1183 987 1243 1024 vel
1274 985 1439 1032 quolibet

52 1042 204 1088 ingenio
225 1069 236 1087 ,
263 1049 326 1080 aut
351 1050 483 1091 aperte
511 1047 580 1082 isto
606 1047 787 1083 materiali
812 1047 934 1094 gladio
960 1048 1036 1083 vita
1067 1046 1194 1082 talium
1223 1046 1437 1091 perimitur.

53 1102 165 1146 Quod
181 1102 358 1139 videlicet
376 1114 450 1139 non
466 1104 609 1140 idcirco
629 1106 784 1150 quidem
799 1111 1004 1152 peragunt,
1024 1112 1065 1141 ut
1084 1106 1153 1141 illis
1175 1105 1341 1150 qualibet
1359 1111 1439 1140 arte

52 1163 149 1198 bona
167 1162 306 1207 aliena,
322 1164 450 1208 lucra,
470 1164 531 1200 vel
559 1165 737 1212 mysteria
766 1171 1031 1212 assequantur,
1048 1165 1112 1201 sed
1133 1169 1276 1200 tantum
1300 1170 1341 1199 ut
1366 1163 1436 1211 illi,

52 1220 188 1266 quibus
210 1221 382 1259 invident
394 1248 406 1267 ‚
423 1223 554 1259 eadem
573 1223 760 1260 amittant.
777 1224 887 1268 Quod
905 1224 934 1259 si
950 1224 1059 1259 etiam
1075 1223 1223 1259 illorum
1237 1222 1353 1258 vitam
1371 1233 1437 1257 ex-

51 1279 226 1326 tinguere
244 1287 453 1327 nequeant,
479 1286 655 1317 tenentur
674 1287 798 1317 tamen
821 1282 895 1328 jam
915 1281 1108 1317 homicidii
1132 1282 1187 1317 rei
1208 1291 1251 1316 ex
1270 1280 1346 1326 ipsa
1365 1281 1438 1316 odii

50 1339 309 1376 meditatione.
326 1339 433 1376 Unde
451 1339 473 1375 J
478 1350 614 1376 oannes
641 1341 676 1376 in
699 1340 866 1386 Epistola
886 1351 952 1376 sua
970 1341 1082 1376 dicit:
1099 1354 1115 1373 «
1136 1340 1265 1376 Omnis
1279 1340 1342 1385 qui
1360 1339 1437 1375 odit

51 1410 68 1430 »
98 1397 254 1434 fratrem
265 1408 373 1434 suum
387 1397 575 1435 homicida
589 1405 644 1435 est
655 1426 666 1444 ,
679 1405 716 1436 et
731 1400 832 1435 scitis
847 1400 934 1445 quia
951 1399 1067 1435 omnis
1085 1398 1272 1435 homicida
1285 1408 1359 1433 non
1373 1397 1437 1433 ha·-

51 1467 72 1491 »
98 1456 162 1493 bet
179 1457 440 1494 haereditatem
465 1458 503 1494 in
521 1469 637 1504 regno
656 1458 793 1496 Christi
817 1466 854 1495 et
879 1459 946 1495 Dei
970 1458 1030 1506 (b).
1051 1472 1067 1490 »
1090 1457 1161 1494 Ubi
1195 1464 1321 1493 autem
1341 1457 1439 1503 jugis

51 1516 125 1552 odii
138 1517 330 1554 meditatio
341 1517 518 1554 insederit
529 1545 540 1563 ‚
554 1519 714 1556 nocendi
728 1529 878 1565 quoque
887 1519 1025 1554 malitia
1039 1528 1112 1554 non
1126 1518 1260 1554 deerit.
1276 1516 1437 1563 Inquirit

49 1587 215 1624 namque
245 1587 395 1623 semper
414 1576 538 1613 infelix
561 1578 597 1613 in
626 1588 701 1624 quo
719 1579 907 1614 viventem
925 1578 1062 1613 laedere
1079 1578 1215 1623 possit,
1236 1587 1369 1622 quem,
1396 1582 1437 1611 ut

50 1636 188 1679 voluit,
208 1638 396 1683 perimere
419 1637 588 1674 funditus
611 1648 685 1673 non
699 1637 834 1684 potuit.
855 1637 985 1683 Jungit
1007 1637 1249 1683 semetipsum
1265 1636 1435 1672 amicitiis

49 1695 199 1732 inimico
217 1696 277 1732 vel
295 1697 480 1733 causidico
494 1696 608 1739 illius,
629 1697 689 1733 cui
707 1695 873 1733 fortassis
898 1697 1044 1743 pridem
1062 1706 1131 1731 nec
1147 1696 1248 1741 loqui
1266 1695 1432 1743 volebat.

44 1752 92 1789 Et
109 1764 196 1789 cum
209 1763 279 1800 pro
296 1760 400 1791 certo
414 1755 505 1791 sciat
520 1755 623 1801 quod
637 1755 714 1790 sinc
733 1765 843 1791 causa
854 1755 1077 1790 calumniam
1094 1753 1145 1788 illi
1164 1754 1429 1798 intorqueant,

43 1823 119 1848 non
133 1819 287 1850 veretur
301 1820 446 1861 tamen,
463 1814 554 1850 dum
573 1819 707 1850 contra
725 1823 842 1849 unum
860 1813 979 1857 saevit,
998 1823 1066 1858 pro
1082 1813 1200 1848 altero
1219 1812 1436 1859 perjurium

43 1872 104 1909 vel
119 1871 252 1909 falsum
263 1872 518 1910 testimonium
532 1879 771 1920 perpetrare3
785 1882 854 1908 nec
873 1872 1098 1908 recordatur
1112 1871 1209 1907 illius
1219 1870 1434 1914 sententiae,

44 1941 117 1977 qua
132 1932 320 1968 dicitur:(‹
336 1933 468 1977 Neque
484 1932 628 1979 perjuri
643 1941 803 1977 regnum
819 1932 887 1967 Dei
897 1929 1213 1977 possidebunt(c);
1228 1942 1248 1964 »
1267 1935 1306 1965 et
1322 1929 1435 1966 illud:

48 2005 66 2023 «
93 1991 214 2028 Testis
230 1990 344 2027 falsus
356 2002 431 2027 non
443 1991 514 2026 erit
530 1991 734 2038 impunitus
747 1991 813 2037 (d).
834 2002 853 2024 »

92 2049 178 2085 VII.
207 2049 291 2086 Jam
308 2060 399 2088 vero
418 2050 582 2096 qualiter
599 2060 784 2096 pauperes
801 2060 821 2084 a
838 2049 1019 2086 divitibus
1038 2049 1296 2095 opprImantur
1311 2073 1321 2092 ,
1341 2049 1430 2094 qui-

44 2104 160 2145 bus've
184 2109 304 2145 modis
322 2114 435 2155 atque
453 2109 610 2155 ingeniis
622 2136 630 2150 ,
648 2108 837 2145 laboribus
861 2108 935 2144 suis
952 2107 1175 2143 fraudentur
1187 2135 1196 2150 ‚
1210 2107 1357 2152 plenius
1374 2106 1434 2141 vel

43 2167 94 2202 illi
109 2168 173 2214 qui
189 2173 343 2212 cogunt,
362 2167 422 2205 vel
438 2167 490 2203 illi
507 2168 570 2213 qui
592 2168 799 2213 patiuntur,
816 2167 1072 2212 sciunt,quam
1087 2177 1151 2202 nos
1168 2166 1233 2211 qui
1254 2165 1331 2200 brec
1349 2176 1432 2212 par-

44 2228 110 2263 tim
128 2237 171 2262 ex
191 2227 323 2262 divinis
336 2227 608 2270 voluminibus,
627 2226 765 2272 partim
783 2236 826 2261 cx
844 2225 1132 2272 opprimentium
1151 2225 1435 2269 erumpentibus

44 2286 143 2323 foras
165 2287 401 2333 nequissimis
418 2287 734 2323 machinationum
755 2285 864 2331 signis
885 2286 1083 2321 addiscere
1111 2284 1329 2330 quaerimus.
1357 2284 1431 2319 Alii

43 2356 225 2391 namque,
242 2347 447 2382 etmaximc
466 2345 575 2392 hujus
596 2345 719 2381 saeculi
737 2345 924 2391 principes
938 2372 946 2386 ,
968 2344 1127 2379 humana
1147 2348 1291 2378 tantum
1312 2343 1433 2388 gratia

45 2406 499 2453 quorumdam,justitiam
514 2405 749 2446 subvertunt,
765 2404 988 2449 nejudicum
1000 2413 1155 2438 suorum
1169 2402 1310 2437 animos
1320 2401 1431 2437 offen—

47 2463 150 2498 dant.
166 2463 446 2507 Timentetiam,
457 2463 645 2499 seditionis
659 2473 783 2508 causa,
796 2461 1038 2507 temporalem
1054 2461 1226 2496 amittere
1238 2460 1431 2502 honorem,

46 2522 114 2558 nisi
123 2521 227 2568 juxta
243 2523 496 2560 ministrorum
517 2532 670 2559 suorum
688 2527 797 2567 agant
814 2522 1057 2557 voluntatem.
1078 2519 1259 2555 Derivant
1279 2519 1425 2555 subtili-

93 2617 140 2659 (a)
154 2620 229 2662 Sap.
247 2629 287 2662 ιι,
312 2618 368 2663 24.
384 2636 426 2643 -
442 2619 486 2661 (b)
509 2630 521 2654 ι
549 2621 639 2652 Joau.
659 2629 712 2661 iu,
735 2617 786 2651 15.
808 2634 849 2641 --
869 2616 911 2658 (c)
929 2628 940 2650 1
966 2619 1037 2650 Cor.
1059 2626 1108 2657 vi,
1130 2626 1180 2649 ιο.
1202 2631 1243 2638 -
1262 2613 1310 2655 (d)
1326 2617 1420 2646 Prov.

47 2687 119 2719 xix,
135 2676 169 2719 5,
182 2688 214 2720 9.
