1803 3276
351 210 437 249 ⁸248
789 217 821 245 5.
861 217 1088 245 ,uersuum
1123 216 1304 243 muscom

351 292 442 332 ,lain
470 301 559 329 non
585 294 705 344 potes
730 282 948 327 maculare
971 281 1172 325 decorem
1196 282 1387 341 corporis
1410 283 1508 326 inei.
1535 283 1734 338 Quiesce,

349 360 539 420 quiesce,
561 366 603 400 et
626 357 668 400 in
695 355 767 399 tali
789 368 917 413 opere
940 353 1209 408 obniutesce,
1225 363 1299 397 aut
1323 353 1519 398 absentes
1542 354 1738 399 homines

349 430 555 474 erubesce
571 463 581 482 ,
616 437 691 471 aut
717 434 950 486 praesentes
974 424 1160 482 Angelos
1187 425 1485 469 contremisce.
1530 425 1615 470 Sed
1639 440 1738 469 ecee

342 503 435 562 jain
464 499 560 544 talis
593 514 711 551 suni,
744 506 786 539 ct
815 496 1037 541 consentio
1075 497 1173 554 ubi,
1207 495 1430 556 quomodo
1447 496 1537 556 jam
1561 496 1737 540 domina

348 574 446 627 eris,
464 581 538 616 aut
561 569 689 631 quale
707 567 952 612 dominium
976 567 1171 612 adultera
1190 567 1436 611 obtinebis?
1455 567 1623 621 Quibus
1640 583 1740 611 ocu-

346 645 397 690 lis
417 645 620 688 maritum
642 651 766 685 tuum
792 649 890 700 post
912 639 1076 684 factum
1100 640 1299 700 aspicies,
1334 639 1405 684 cui
1428 639 1602 684 insidias
1623 655 1739 700 prze-

351 719 500 778 paras?
525 715 685 775 quibus
709 712 979 772 amplexibus
1003 711 1129 757 solito
1157 727 1277 757 more
1300 712 1582 769 constringes,
1608 727 1740 772 quem

351 789 596 833 interficere
629 786 819 844 cogitas?
845 784 1006 844 quibus
1034 784 1307 828 sermonibus
1334 783 1586 844 alloqueris,
1620 784 1742 844 cujus

353 858 500 906 cubile
539 856 688 902 infelix
717 855 880 901 violare
904 855 1100 900 conaris?
1132 856 1340 915 Imitare,
1362 855 1535 909 Mulier,
1574 853 1743 897 imitare

350 942 591 985 turturem,
617 939 794 983 castani,
821 926 1043 988 pudicam,
1070 943 1233 983 veram,
1259 925 1483 988 quomodo
1500 924 1633 969 sidem
1655 940 1746 969 ser-

349 1014 422 1049 vat
450 1004 679 1062 integram.
710 1000 787 1045 llla
814 1001 930 1044 enim
954 1000 1031 1044 uni
1053 999 1146 1044 viro
1169 1000 1420 1060 conjuncta,
1447 997 1633 1042 alterum
1655 1012 1745 1042 non

350 1075 558 1136 requirit,
579 1073 657 1117 etsi
680 1081 818 1116 morte
841 1081 1087 1132 praeventus
1110 1071 1258 1126 fuerit,
1281 1069 1336 1114 ad
1354 1069 1490 1115 alium
1509 1085 1599 1114 non
1619 1083 1745 1113 acce-

349 1147 429 1191 dit.
463 1149 575 1190 Aves
608 1144 741 1187 fidem
776 1142 1008 1201 diligenter
1045 1152 1227 1202 possunt
1260 1157 1453 1196 servare,
1491 1150 1535 1185 et
1570 1149 1746 1185 mortuo

346 1218 490 1279 primo
506 1216 679 1270 marito,
705 1229 795 1258 non
818 1214 1047 1273 patiuntur
1065 1213 1121 1258 ad
1142 1213 1327 1258 alterum
1345 1212 1588 1270 declinare,
1613 1222 1656 1257 et
1677 1221 1742 1268 tn,

349 1287 508 1334 Mulier
545 1284 721 1340 infelix,
746 1294 893 1329 torum
928 1283 1117 1342 regalem
1141 1284 1317 1329 festinas
1339 1284 1394 1329 ab
1421 1293 1625 1328 extraneo
1653 1283 1749 1328 vio-

352 1359 457 1404 lari?
489 1355 681 1404 Attende
706 1356 762 1401 ad
787 1371 910 1401 avem
930 1356 1158 1417 pudieam,
1188 1365 1231 1401 et
1260 1371 1381 1401 serva
1415 1357 1549 1401 fidem
1570 1355 1744 1401 marito.

356 1430 555 1485 Imitare,
590 1427 840 1489 Impudica,
874 1428 1057 1473 turturis
1101 1428 1370 1485 castitatem,
1405 1438 1448 1474 et
1478 1428 1662 1472 immuta
1692 1426 1748 1472 ab

350 1502 512 1548 scelere
533 1499 949 1559 voluntatem3nam
972 1515 1115 1544 meam
1138 1516 1229 1544 non
1250 1499 1411 1560 poteris
1433 1498 1640 1544 seducere
1663 1499 1749 1544 tuis

352 1571 666 1617 blandimentis
702 1580 892 1616 aetatem.
935 1574 1020 1616 Ista
1059 1571 1222 1631 Joseph
1257 1570 1456 1626 dicebat,
1498 1579 1542 1614 et
1575 1569 1674 1630 plus
1707 1570 1751 1613 in

353 1643 561 1702 AEgyptia
589 1640 718 1686 ardor
750 1640 945 1687 libidinis
976 1643 1242 1702 exurgebat3
1277 1657 1469 1703 cumque
1488 1643 1580 1703 jam
1615 1642 1750 1685 fixum

349 1716 561 1776 juvenem
583 1722 797 1768 cerneret,
821 1723 865 1757 et
885 1712 1059 1758 nullum
1083 1713 1292 1758 affectum
1318 1713 1406 1758 suis
1423 1711 1754 1758 seductionibus

354 1794 574 1846 carperet,
609 1783 797 1845 amplius
826 1800 961 1845 quam
989 1794 1185 1846 coeperat
1212 1786 1348 1831 saevit.
1386 1787 1443 1829 Et
1475 1784 1582 1829 dum
1612 1783 1756 1829 verbis

355 1857 677 1921 perseverando
704 1855 945 1901 concludit¹
962 1892 974 1913 ,
1011 1857 1268 1902 conclusum
1298 1856 1381 1902 sibi
1407 1866 1523 1902 stans
1552 1856 1757 1902 inanibus

356 1926 663 1990 apprehendit.
688 1929 812 1972 Tunc
827 1927 1192 1975 athletaClnisti²
1213 1928 1434 1986 detentuS,
1455 1929 1562 1975 dum
1577 1944 1667 1975 non
1686 1929 1757 1973 in-

354 2000 523 2045 veniret
541 1999 727 2061 qualiter
752 2009 898 2061 posset
915 2001 1144 2046 mulierem
1162 2001 1432 2063 impudicam
1453 2002 1652 2058 evadere,
1666 2017 1760 2048 ves-

359 2081 462 2128 tem,
488 2088 575 2132 qua
599 2081 775 2131 opertus
797 2081 913 2129 erat,
930 2072 976 2118 in
992 2073 1196 2118 manibus
1216 2076 1308 2136 ejus
1330 2073 1542 2134 fugiendo
1567 2073 1754 2130 dimisit,

356 2141 593 2204 nudusque
621 2143 676 2187 ab
704 2142 864 2188 scelere
898 2142 1014 2191 foras
1048 2143 1200 2200 exivit,
1238 2155 1281 2191 et
1321 2145 1550 2191 mulierem
1583 2145 1758 2191 inanem

355 2213 615 2259 intrinsecus
639 2213 890 2276 dereliquit.

417 2289 471 2330 V.
490 2287 715 2332 Remansit
734 2288 942 2347 AEgyptia
962 2303 1050 2344 rea,
1070 2297 1237 2334 vestem
1250 2288 1294 2334 in
1314 2290 1516 2335 manibus
1536 2288 1694 2345 ferens,
1717 2299 1760 2334 et

357 2372 451 2401 eain
474 2373 554 2417 pro
579 2357 686 2403 salso
712 2359 960 2404 testimonio
988 2369 1166 2418 tenens3
1190 2361 1310 2406 stetit
1332 2360 1461 2421 plena
1483 2361 1755 2416 confusione,

358 2429 495 2472 reatui
513 2429 714 2484 obnoxia,
739 2430 878 2476 inanis
896 2440 1103 2475 etvaeua.
1123 2431 1474 2492 EvaditJoseph,
1500 2433 1760 2477 vestimento

358 2499 530 2544 relicto.
560 2500 769 2546 Exultant
792 2501 965 2562 Angeli,
981 2501 1189 2547 laetantur
1212 2502 1492 2562 Archangeli,
1521 2504 1761 2564 tripudiant

411 2592 417 2607 ¹
440 2586 546 2618 Codex
569 2587 650 2618 inali-
667 2587 793 2620 rotulit.
814 2606 853 2611 -
873 2596 886 2607 ⁶
906 2591 974 2620 Non
992 2590 1279 2632 innueritaflicitur
1297 2590 1425 2624 athleta
1453 2591 1735 2624 Clurc'slt'venturi.
