1803 3276
281 260 365 300 354
589 269 622 296 s.
660 269 890 296 ALGUSTfflt
924 268 1104 295 eriscorr
1138 268 1367 297 Arremoix.

278 352 295 370 n
327 344 363 373 et
387 337 480 382 ignis
503 346 632 372 eorum
648 346 720 371 non
738 335 993 379 extinguetur,
1013 339 1050 369 et
1069 340 1181 370 crunt
1198 345 1316 380 usque
1333 336 1379 370 ad
1398 336 1600 372 satietatem
1616 338 1672 373 vi-

278 409 295 428 »
326 394 438 431 sionis
463 395 562 430 omni
581 393 683 429 carni
704 393 766 441 (a).
787 406 804 425 »
826 393 978 435 Favete,
999 392 1141 437 miseri,
1169 399 1374 429 torrentem
1397 394 1434 430 in
1459 395 1560 440 pice,
1586 394 1673 441 quia

277 454 396 490 subito
413 453 530 500 rapit,
546 459 583 488 et
595 462 656 490 eos
671 462 764 499 quos
777 451 943 497 rapuerit
957 451 1002 487 ad
1017 451 1282 487 ambulandum
1298 452 1436 488 liberos
1449 462 1597 497 gressus
1608 452 1671 488 ha-

272 512 364 547 bere
382 511 536 548 minime
551 510 750 558 permittit.
778 509 916 548 Pavetc
928 509 1083 549 humum
1098 508 1264 554 sulfuris,
1291 511 1379 556 quia
1395 510 1673 548 intolerabilem

276 570 452 607 soetorem
479 570 636 607 exhalat.
659 569 916 608 Pertimescite
946 575 1087 605 terram
1111 569 1149 604 in
1188 569 1312 615 picem
1338 571 1554 615 ardentem,
1588 571 1675 617 quia

276 641 370 677 quos
389 630 559 678 suscipit,
576 628 699 665 exurit
712 628 820 664 simul
840 633 877 665 et
895 629 1127 676 compeditos
1142 629 1282 665 reddit.
1299 629 1515 667 Formidate
1530 634 1674 666 terram

277 690 448 736 miseriae,
461 690 548 736 quia
563 686 893 733 omnisindigentia
903 687 952 723 ibi
967 688 1051 723 erit.
1066 687 1325 724 Pertiniescite
1339 699 1381 724 os
1391 689 1524 725 inferni
1534 690 1675 735 absque

279 749 354 785 ullo
373 749 533 784 termino
553 747 798 794 patefactum,
822 747 909 791 quia
926 746 1133 797 crudeliter
1150 754 1263 794 atque
1281 748 1544 784 insatiabiliter
1559 758 1672 786 cunc-

279 813 335 844 tos
346 808 545 850 devorans,
558 816 626 843 nec
642 805 817 847 saturari,
827 804 1076 850 nec‚Susficit,
1088 806 1214 844 dicere
1225 807 1343 842 novit.
1355 806 1490 853 Fugite
1503 813 1674 853 stagnum

277 868 388 915 ignis,
408 867 496 913 quia
514 876 608 912 quus
621 865 794 912 suscipit,
818 864 1017 909 demergit,
1037 871 1145 902 necat
1165 871 1203 900 et
1230 865 1318 901 urit.
1342 865 1481 902 Cavete
1501 867 1675 904 tenebras

280 926 495 970 exteriores,
511 925 598 971 quia
616 924 760 962 nullum
779 923 826 960 ad
848 933 910 959 eas
933 923 1060 960 lumen
1085 924 1245 961 accedit.
1266 922 1438 961 Evadere
1456 932 1589 962 curate
1610 926 1675 963 sse-

280 993 360 1022 tum
387 991 424 1021 et
449 984 649 1020 stridorem
681 984 872 1027 dentium,
892 983 1027 1030 quibus
1052 982 1134 1018 finis
1157 993 1346 1029 nunquam
1371 985 1507 1022 aderit.
1532 985 1677 1022 Timete

280 1055 428 1081 verines
447 1043 688 1084 immortales,
708 1043 795 1089 quia
812 1042 848 1078 in
862 1043 1163 1079 manducandum
1185 1053 1316 1079 carnes
1334 1049 1479 1080 vestras
1496 1044 1598 1080 nulla
1625 1046 1677 1082 cis

280 1106 428 1141 satietas
461 1105 550 1149 erit,
578 1110 614 1140 et
637 1114 724 1139 culn
750 1109 805 1139 tot
831 1114 872 1138 ae
892 1109 992 1139 tanta
1019 1102 1124 1139 vobis
1157 1103 1195 1138 in
1223 1109 1411 1140 aeternum
1450 1104 1676 1142 adhaeserint

283 1172 482 1210 tormenta,
499 1175 691 1210 nunquam
707 1164 778 1202 erit
792 1164 958 1199 avaritia)
973 1163 1217 1208 omniumquc
1233 1163 1396 1199 ulterior
1414 1165 1646 1201 exercitatio.

327 1222 478 1259 Xwss.
506 1222 613 1259 Unde
632 1228 668 1257 et
685 1232 754 1268 per
778 1221 962 1258 Jacobuni
983 1221 1088 1257 vobis
1110 1219 1248 1257 dicitur
1268 1231 1278 1256 ι
1312 1236 1329 1256 «
1351 1222 1466 1267 Agite
1484 1233 1599 1266 nunc,
1619 1223 1674 1259 di-

281 1294 302 1318 »
329 1281 437 1327 vites,
452 1281 596 1328 plorate
615 1280 800 1317 ululantes
817 1280 855 1315 in
869 1279 1028 1316 miseriis
1046 1290 1130 1328 quae
1148 1280 1521 1323 adveneruntvobis;
1538 1281 1677 1321 divitiae

279 1356 297 1376 »
327 1347 462 1380 vestrae
475 1341 693 1387 putrefactae
718 1344 806 1378 sunt
816 1349 827 1384 3
848 1340 1070 1378 vestimenta
1087 1345 1211 1377 vestra
1225 1349 1246 1375 a
1262 1338 1373 1376 tineis
1387 1346 1548 1378 comesta
1562 1347 1648 1378 sunt
1665 1351 1675 1378 ε

281 1413 302 1439 »
330 1411 463 1438 aurum
477 1406 514 1437 et
529 1405 727 1447 argentum
743 1405 910 1437 vestrum
922 1399 1164 1447 aeruginavit,
1180 1404 1218 1436 et
1235 1409 1365 1446 aerugo
1377 1410 1510 1437 eorum
1522 1400 1560 1438 in
1569 1400 1675 1437 testi-

279 1473 299 1498 »
326 1462 493 1497 monium
510 1459 615 1501 vobis
636 1460 728 1503 erit,
745 1466 781 1496 ct
792 1459 1031 1497 manducabit
1042 1469 1179 1496 earnes
1193 1464 1350 1504 vestras,
1365 1460 1462 1496 sicut
1473 1460 1567 1507 ignis
1582 1459 1642 1509 (b).
1655 1471 1676 1496 ι)

278 1520 562 1568 Υοὶήειῃρῐίρείε
577 1519 707 1566 itaque
719 1519 958 1557 consulentes
971 1519 1248 1566 recordamini,
1263 1529 1478 1566 quaesumus
1488 1546 1500 1565 ,
1514 1520 1599 1556 talia
1615 1530 1678 1557 re—

278 1582 493 1622 cordantes,
510 1591 557 1616 ne
578 1578 750 1616 incidatis
770 1580 809 1616 in
840 1579 939 1622 talia,
968 1585 1005 1615 et
1026 1579 1092 1625 qui
1106 1590 1181 1616 non
1195 1579 1315 1615 solum
1332 1580 1490 1626 digitum
1507 1590 1622 1617 unum
1639 1580 1677 1617 in

277 1642 404 1690 ignem
419 1641 466 1677 ad
483 1640 674 1678 modicum
695 1646 846 1683 tenere,
867 1639 1117 1677 verumetiam
1141 1639 1276 1678 samem
1295 1647 1333 1677 et
1353 1641 1472 1686 sitim,
1497 1641 1677 1687 frigorem

279 1701 340 1738 vel
357 1701 563 1737 nuditatem
582 1698 743 1738 tolerare
762 1699 948 1746 refugitis,
966 1704 1026 1736 tot
1045 1709 1087 1736 ae
1108 1704 1222 1745 tanta,
1251 1710 1334 1746 quae
1351 1701 1598 1747 praemisimus
1610 1727 1621 1745 ,
1635 1701 1676 1737 ‘in

271 1766 499 1810 perpetuum
512 1759 695 1797 sustinere
709 1785 720 1804 ,
733 1759 1063 1796 vehementissime
1079 1765 1276 1806 paventes,
1291 1761 1504 1797 formidate.
1517 1761 1590 1798 Sed
1607 1769 1675 1797 nec

277 1821 348 1857 diei
363 1820 492 1867 judicii
507 1819 713 1867 expectatio
727 1819 973 1856 formidabilis
986 1830 1006 1855 a
1021 1821 1203 1857 memoria
1220 1825 1344 1857 vestra
1358 1822 1525 1865 recedat,
1544 1821 1573 1857 si
1586 1832 1676 1867 quo-

277 1891 352 1927 quo
366 1881 491 1925 modo,
507 1881 669 1916 donante
683 1879 843 1916 Domino
858 1879 879 1914 J
884 1889 949 1915 esu
966 1878 1130 1924 Christo,
1144 1879 1189 1915 ab
1201 1890 1326 1917 amore
1344 1881 1538 1927 praesentis
1550 1881 1676 1917 saeculi

275 1940 430 1977 intentio
449 1945 576 1976 vestra
594 1939 708 1975 semel
742 1950 781 1975 sc
811 1939 1013 1985 disjungat.
1035 1939 1090 1975 De
1110 1939 1174 1977 illo
1196 1940 1335 1977 etenim
1359 1941 1419 1976 die
1443 1940 1624 1988 scriptum
1638 1940 1676 1977 in

276 1999 469 2047 Propheta
483 1999 638 2046 legimus
659 2009 670 2034 z
691 2011 711 2036 ((
729 1999 845 2036 Juxta
866 2004 922 2035 est
944 1998 1025 2035 dies
1041 1998 1214 2044 Domini,
1232 1999 1336 2046 juxta
1354 2005 1391 2036 et
1411 2000 1517 2037 velox
1535 1999 1646 2037 nimis
1663 2010 1673 2036 t

276 2071 296 2095 »
325 2071 397 2096 vox
411 2060 484 2096 diei
509 2060 656 2097 Domini
675 2070 814 2106 amara,
839 2059 1083 2095 tribulabitur
1101 2059 1152 2096 ibi
1171 2060 1296 2106 sortis3
1321 2059 1399 2096 dies
1413 2060 1492 2105 irae,
1508 2061 1586 2096 dies
1599 2061 1672 2108 illa,

276 2130 297 2155 »
323 2120 401 2157 dics
414 2120 663 2158 tribulationis
678 2126 716 2156 et
733 2120 925 2167 angustiae,
948 2120 1027 2155 dies
1039 2120 1263 2156 calamitatis
1280 2125 1317 2156 et
1328 2120 1501 2164 miseriae,
1520 2121 1600 2156 dies
1611 2126 1673 2157 te-

273 2192 296 2218 »
322 2180 527 2216 ncbrarum
540 2185 577 2216 ct
589 2179 771 2226 caliginis,
782 2179 861 2215 dies
872 2178 1019 2216 nebulae
1029 2185 1067 2216 et
1081 2178 1252 2225 turbinis,
1263 2179 1344 2215 dies
1358 2180 1456 2216 tubae
1473 2186 1510 2215 et
1523 2180 1673 2225 clango-

274 2251 296 2278 ι)
322 2242 372 2278 ris
386 2240 445 2288 (c).
456 2252 476 2276 2)
493 2241 549 2277 De
562 2239 624 2277 illo
637 2250 705 2287 per
719 2240 877 2276 Petrum
891 2239 1029 2276 dicitur
1045 2249 1054 2276 ι
1069 2251 1090 2277 «
1107 2240 1297 2277 Adveniet
1314 2239 1393 2276 dies
1409 2240 1557 2276 Domini
1571 2241 1672 2278 sicut

275 2314 293 2335 n
321 2301 394 2346 sur,
410 2301 453 2337 ‘in
466 2312 540 2348 quo
559 2301 643 2338 coeli
657 2311 792 2346 niagno
813 2300 955 2346 impetu
970 2302 1169 2344 transient,
1185 2300 1367 2336 elementa
1383 2311 1475 2337 vero
1502 2311 1523 2337 a
1542 2301 1672 2338 calore

273 2373 292 2394 n
321 2361 513 2397 solventur
530 2359 618 2408 (d).»
638 2359 737 2395 Iljnc
752 2359 947 2396 Psalmista
957 2359 1006 2395 ait
1021 2368 1031 2395 z
1050 2373 1067 2392 α
1082 2360 1182 2405 Ignis
1197 2359 1235 2394 in
1253 2365 1458 2406 conspectu
1472 2360 1548 2406 eJ'us
1561 2361 1670 2397 arde-

274 2430 295 2455 »
318 2419 386 2464 bit,
405 2426 443 2456 et
464 2419 503 2455 in
523 2419 684 2455 circuitu
700 2418 781 2464 ejus
805 2423 1008 2464 tempestas
1029 2418 1151 2455 valida
1175 2418 1256 2466 (e).1>
1279 2419 1378 2455 Hinc
1407 2419 1597 2466 Propheta
1628 2430 1672 2456 ex

274 2489 432 2527 persona
447 2479 467 2516 J
472 2479 592 2515 udicis
605 2479 721 2515 nostri
737 2479 891 2524 loquens
909 2487 918 2513 :
941 2492 958 2511 «
974 2477 1139 2524 Expecta
1153 2487 1226 2520 me,
1243 2478 1541 2523 dicitDominuS,
1555 2478 1593 2515 in
1611 2479 1671 2516 die

320 2590 366 2632 (a)
397 2590 468 2623 lsai.
489 2601 582 2632 wa,
611 2587 721 2632 24-
744 2588 786 2630 (b)
816 2587 931 2622 Jacob.
947 2599 990 2630 v,
1019 2600 1110 2631 1‚—
1128 2588 1217 2622 3.-
1239 2586 1283 2629 (c)
1307 2587 1405 2632 Soph.
1426 2600 1455 2628 1,
1480 2587 1533 2632 14,
1561 2588 1668 2623 15.—

274 2647 329 2688 (d)
348 2655 366 2679 2
382 2649 468 2680 Petr.
498 2657 552 2688 ιιι,
579 2658 628 2678 10.
646 2663 686 2667 —-
701 2644 742 2685 (Q
762 2644 842 2677 Psal.
860 2655 951 2686 xux,
974 2645 1003 2676 3.
