<?xml version="1.0" encoding="UTF-8"?>
<!DOCTYPE html PUBLIC "-//W3C//DTD XHTML 1.0 Transitional//EN"
    "http://www.w3.org/TR/xhtml1/DTD/xhtml1-transitional.dtd">
<html xmlns="http://www.w3.org/1999/xhtml" xml:lang="en" lang="en">
 <head>
  <title>
</title>
<meta http-equiv="Content-Type" content="text/html;charset=utf-8" />
  <meta name='ocr-system' content='tesseract 3.04.00' />
  <meta name='ocr-capabilities' content='ocr_page ocr_carea ocr_par ocr_line ocrx_word'/>
</head>
<body>
  <div class='ocr_page' id='page_1' title='image "./operaomniaaccura23auguuoft_0216.png"; bbox 0 0 1803 3276; ppageno 0'>
   <div class='ocr_carea' id='block_1_1' title="bbox 326 272 1735 2628">
    <p class='ocr_par' dir='ltr' id='par_1_1' title="bbox 337 272 1286 310">
     <span class='ocr_line' id='line_1_1' title="bbox 337 272 1286 310; baseline -0.005 -1"><span class='ocrx_word' id='word_1_1' title='bbox 337 272 420 310; x_wconf 75' lang='lat'>206</span> <span class='ocrx_word' id='word_1_2' title='bbox 772 282 806 306; x_wconf 83' lang='lat' dir='ltr'>s.</span> <span class='ocrx_word' id='word_1_3' title='bbox 843 279 1072 306; x_wconf 58' lang='lat' dir='ltr'>At‘ocs&#39;rim</span> <span class='ocrx_word' id='word_1_4' title='bbox 1106 278 1286 306; x_wconf 73' lang='lat' dir='ltr'>smseom</span> 
     </span>
    </p>

    <p class='ocr_par' dir='ltr' id='par_1_2' title="bbox 329 341 1729 975">
     <span class='ocr_line' id='line_1_2' title="bbox 337 341 1726 403; baseline -0.004 -12"><span class='ocrx_word' id='word_1_5' title='bbox 337 346 589 398; x_wconf 69' lang='lat' dir='ltr'>commotio,</span> <span class='ocrx_word' id='word_1_6' title='bbox 612 346 790 403; x_wconf 67' lang='lat' dir='ltr'>erigitur</span> <span class='ocrx_word' id='word_1_7' title='bbox 815 345 912 388; x_wconf 86' lang='lat' dir='ltr'>ratis</span> <span class='ocrx_word' id='word_1_8' title='bbox 937 344 980 387; x_wconf 87' lang='lat' dir='ltr'>in</span> <span class='ocrx_word' id='word_1_9' title='bbox 1006 343 1186 399; x_wconf 82' lang='lat' dir='ltr'>coelum,</span> <span class='ocrx_word' id='word_1_10' title='bbox 1217 353 1260 387; x_wconf 84' lang='lat' dir='ltr'>ct</span> <span class='ocrx_word' id='word_1_11' title='bbox 1277 342 1504 387; x_wconf 87' lang='lat' dir='ltr'>subductis</span> <span class='ocrx_word' id='word_1_12' title='bbox 1525 341 1652 387; x_wconf 89' lang='lat' dir='ltr'>undis</span> <span class='ocrx_word' id='word_1_13' title='bbox 1670 341 1726 386; x_wconf 87' lang='lat' dir='ltr'>ad</span> 
     </span>
     <span class='ocr_line' id='line_1_3' title="bbox 335 414 1726 477; baseline -0.004 -15"><span class='ocrx_word' id='word_1_14' title='bbox 335 435 483 462; x_wconf 75' lang='lat' dir='ltr'>arenas</span> <span class='ocrx_word' id='word_1_15' title='bbox 511 433 648 477; x_wconf 76' lang='lat' dir='ltr'>usquc</span> <span class='ocrx_word' id='word_1_16' title='bbox 670 414 895 459; x_wconf 68' lang='lat' dir='ltr'>descendit</span> <span class='ocrx_word' id='word_1_17' title='bbox 922 434 929 458; x_wconf 89' lang='lat'>:</span> <span class='ocrx_word' id='word_1_18' title='bbox 956 415 1001 458; x_wconf 86' lang='lat' dir='ltr'>in</span> <span class='ocrx_word' id='word_1_19' title='bbox 1023 414 1271 459; x_wconf 83' lang='lat' dir='ltr'>discrimine</span> <span class='ocrx_word' id='word_1_20' title='bbox 1292 414 1515 458; x_wconf 84' lang='lat' dir='ltr'>constituti</span> <span class='ocrx_word' id='word_1_21' title='bbox 1540 422 1626 457; x_wconf 89' lang='lat' dir='ltr'>tam</span> <span class='ocrx_word' id='word_1_22' title='bbox 1648 429 1726 473; x_wconf 87' lang='lat' dir='ltr'>pe-</span> 
     </span>
     <span class='ocr_line' id='line_1_4' title="bbox 331 483 1726 548; baseline -0.003 -16"><span class='ocrx_word' id='word_1_23' title='bbox 331 488 414 548; x_wconf 78' lang='lat' dir='ltr'>lagi</span> <span class='ocrx_word' id='word_1_24' title='bbox 440 489 524 532; x_wconf 87' lang='lat' dir='ltr'>ima</span> <span class='ocrx_word' id='word_1_25' title='bbox 547 503 676 547; x_wconf 82' lang='lat' dir='ltr'>quam</span> <span class='ocrx_word' id='word_1_26' title='bbox 699 485 797 529; x_wconf 65' lang='lat' dir='ltr'>(wli</span> <span class='ocrx_word' id='word_1_27' title='bbox 816 484 955 528; x_wconf 82' lang='lat' dir='ltr'>sidera</span> <span class='ocrx_word' id='word_1_28' title='bbox 973 484 1237 529; x_wconf 85' lang='lat' dir='ltr'>didicerunt.</span> <span class='ocrx_word' id='word_1_29' title='bbox 1264 488 1320 529; x_wconf 91' lang='lat' dir='ltr'>Et</span> <span class='ocrx_word' id='word_1_30' title='bbox 1338 483 1449 528; x_wconf 88' lang='lat' dir='ltr'>dum</span> <span class='ocrx_word' id='word_1_31' title='bbox 1464 499 1726 528; x_wconf 88' lang='lat' dir='ltr'>concursan-</span> 
     </span>
     <span class='ocr_line' id='line_1_5' title="bbox 335 555 1724 615; baseline -0.004 -12"><span class='ocrx_word' id='word_1_32' title='bbox 335 561 441 603; x_wconf 86' lang='lat' dir='ltr'>tium</span> <span class='ocrx_word' id='word_1_33' title='bbox 467 559 636 602; x_wconf 85' lang='lat' dir='ltr'>intersc</span> <span class='ocrx_word' id='word_1_34' title='bbox 655 566 885 601; x_wconf 82' lang='lat' dir='ltr'>nautarum</span> <span class='ocrx_word' id='word_1_35' title='bbox 906 555 1014 599; x_wconf 86' lang='lat' dir='ltr'>nihil</span> <span class='ocrx_word' id='word_1_36' title='bbox 1029 555 1525 615; x_wconf 82' lang='lat' dir='ltr'>profecissetindustria,</span> <span class='ocrx_word' id='word_1_37' title='bbox 1551 570 1724 599; x_wconf 91' lang='lat' dir='ltr'>omnes-</span> 
     </span>
     <span class='ocr_line' id='line_1_6' title="bbox 330 625 1725 688; baseline -0.003 -14"><span class='ocrx_word' id='word_1_38' title='bbox 330 646 416 688; x_wconf 76' lang='lat' dir='ltr'>que</span> <span class='ocrx_word' id='word_1_39' title='bbox 433 647 481 674; x_wconf 88' lang='lat' dir='ltr'>ac</span> <span class='ocrx_word' id='word_1_40' title='bbox 496 628 654 687; x_wconf 77' lang='lat' dir='ltr'>singuli</span> <span class='ocrx_word' id='word_1_41' title='bbox 677 625 989 682; x_wconf 64' lang='lat' dir='ltr'>formidarent,</span> <span class='ocrx_word' id='word_1_42' title='bbox 1007 626 1290 686; x_wconf 79' lang='lat' dir='ltr'>gubernantis</span> <span class='ocrx_word' id='word_1_43' title='bbox 1306 626 1436 671; x_wconf 89' lang='lat' dir='ltr'>etiam</span> <span class='ocrx_word' id='word_1_44' title='bbox 1452 625 1633 671; x_wconf 86' lang='lat' dir='ltr'>ducatu¹</span> <span class='ocrx_word' id='word_1_45' title='bbox 1651 640 1725 670; x_wconf 89' lang='lat' dir='ltr'>ca-</span> 
     </span>
     <span class='ocr_line' id='line_1_7' title="bbox 332 696 1728 758; baseline -0.005 -13"><span class='ocrx_word' id='word_1_46' title='bbox 332 703 423 745; x_wconf 90' lang='lat' dir='ltr'>rina</span> <span class='ocrx_word' id='word_1_47' title='bbox 441 716 529 744; x_wconf 88' lang='lat' dir='ltr'>non</span> <span class='ocrx_word' id='word_1_48' title='bbox 547 700 868 758; x_wconf 70' lang='lat' dir='ltr'>obtemperaret</span> <span class='ocrx_word' id='word_1_49' title='bbox 885 699 1082 758; x_wconf 78' lang='lat' dir='ltr'>imperio,</span> <span class='ocrx_word' id='word_1_50' title='bbox 1101 698 1297 742; x_wconf 89' lang='lat' dir='ltr'>Perimus</span> <span class='ocrx_word' id='word_1_51' title='bbox 1311 733 1321 753; x_wconf 80' lang='lat'>,</span> <span class='ocrx_word' id='word_1_52' title='bbox 1338 697 1553 752; x_wconf 73' lang='lat' dir='ltr'>clamant,</span> <span class='ocrx_word' id='word_1_53' title='bbox 1569 696 1728 741; x_wconf 89' lang='lat' dir='ltr'>Obrui-</span> 
     </span>
     <span class='ocr_line' id='line_1_8' title="bbox 332 767 1728 830; baseline -0.003 -13"><span class='ocrx_word' id='word_1_54' title='bbox 332 789 445 827; x_wconf 82' lang='lat' dir='ltr'>mur⁷</span> <span class='ocrx_word' id='word_1_55' title='bbox 471 781 641 816; x_wconf 88' lang='lat' dir='ltr'>sonant.</span> <span class='ocrx_word' id='word_1_56' title='bbox 663 774 766 815; x_wconf 79' lang='lat' dir='ltr'>Haec</span> <span class='ocrx_word' id='word_1_57' title='bbox 783 771 902 814; x_wconf 86' lang='lat' dir='ltr'>navis</span> <span class='ocrx_word' id='word_1_58' title='bbox 925 770 1087 814; x_wconf 81' lang='lat' dir='ltr'>coelum</span> <span class='ocrx_word' id='word_1_59' title='bbox 1110 770 1227 825; x_wconf 72' lang='lat' dir='ltr'>ferit,</span> <span class='ocrx_word' id='word_1_60' title='bbox 1254 770 1414 814; x_wconf 81' lang='lat' dir='ltr'>inferos</span> <span class='ocrx_word' id='word_1_61' title='bbox 1432 768 1576 830; x_wconf 86' lang='lat' dir='ltr'>pulsat</span> <span class='ocrx_word' id='word_1_62' title='bbox 1594 789 1605 827; x_wconf 79' lang='lat'>3</span> <span class='ocrx_word' id='word_1_63' title='bbox 1623 767 1728 813; x_wconf 89' lang='lat' dir='ltr'>hinc</span> 
     </span>
     <span class='ocr_line' id='line_1_9' title="bbox 329 840 1729 905; baseline -0.004 -15"><span class='ocrx_word' id='word_1_64' title='bbox 329 845 593 905; x_wconf 75' lang='lat' dir='ltr'>cognoscite,</span> <span class='ocrx_word' id='word_1_65' title='bbox 614 847 801 898; x_wconf 73' lang='lat' dir='ltr'>Fratres,</span> <span class='ocrx_word' id='word_1_66' title='bbox 819 842 1007 904; x_wconf 85' lang='lat' dir='ltr'>qualiter</span> <span class='ocrx_word' id='word_1_67' title='bbox 1024 846 1114 887; x_wconf 84' lang='lat' dir='ltr'>Deo</span> <span class='ocrx_word' id='word_1_68' title='bbox 1129 842 1378 887; x_wconf 84' lang='lat' dir='ltr'>obedientia</span> <span class='ocrx_word' id='word_1_69' title='bbox 1401 840 1567 886; x_wconf 88' lang='lat' dir='ltr'>fuerint</span> <span class='ocrx_word' id='word_1_70' title='bbox 1582 855 1729 901; x_wconf 81' lang='lat' dir='ltr'>acquo-</span> 
     </span>
     <span class='ocr_line' id='line_1_10' title="bbox 332 911 1620 975; baseline -0.005 -13"><span class='ocrx_word' id='word_1_71' title='bbox 332 933 398 972; x_wconf 73' lang='lat' dir='ltr'>ra,</span> <span class='ocrx_word' id='word_1_72' title='bbox 427 926 477 961; x_wconf 87' lang='lat' dir='ltr'>ut</span> <span class='ocrx_word' id='word_1_73' title='bbox 499 931 639 960; x_wconf 87' lang='lat' dir='ltr'>unum</span> <span class='ocrx_word' id='word_1_74' title='bbox 659 913 891 973; x_wconf 75' lang='lat' dir='ltr'>fugitivum</span> <span class='ocrx_word' id='word_1_75' title='bbox 913 914 991 959; x_wconf 87' lang='lat' dir='ltr'>Dei</span> <span class='ocrx_word' id='word_1_76' title='bbox 1009 922 1099 959; x_wconf 85' lang='lat' dir='ltr'>tota</span> <span class='ocrx_word' id='word_1_77' title='bbox 1124 922 1374 975; x_wconf 81' lang='lat' dir='ltr'>quaerercnt</span> <span class='ocrx_word' id='word_1_78' title='bbox 1391 911 1620 957; x_wconf 86' lang='lat' dir='ltr'>clementa.</span> 
     </span>
    </p>

    <p class='ocr_par' dir='ltr' id='par_1_3' title="bbox 326 983 1735 2628">
     <span class='ocr_line' id='line_1_11' title="bbox 392 983 1729 1046; baseline -0.004 -14"><span class='ocrx_word' id='word_1_79' title='bbox 392 991 450 1032; x_wconf 85' lang='lat' dir='ltr'>ll.</span> <span class='ocrx_word' id='word_1_80' title='bbox 475 987 625 1033; x_wconf 84' lang='lat' dir='ltr'>Solum</span> <span class='ocrx_word' id='word_1_81' title='bbox 643 990 802 1031; x_wconf 70' lang='lat' dir='ltr'>,Ionam</span> <span class='ocrx_word' id='word_1_82' title='bbox 824 1002 974 1031; x_wconf 87' lang='lat' dir='ltr'>secura</span> <span class='ocrx_word' id='word_1_83' title='bbox 997 985 1153 1031; x_wconf 90' lang='lat' dir='ltr'>somnii</span> <span class='ocrx_word' id='word_1_84' title='bbox 1175 984 1425 1046; x_wconf 80' lang='lat' dir='ltr'>possidebat</span> <span class='ocrx_word' id='word_1_85' title='bbox 1448 983 1628 1038; x_wconf 85' lang='lat' dir='ltr'>oblivio,</span> <span class='ocrx_word' id='word_1_86' title='bbox 1648 997 1729 1028; x_wconf 90' lang='lat' dir='ltr'>cu-</span> 
     </span>
     <span class='ocr_line' id='line_1_12' title="bbox 326 1053 1730 1122; baseline -0.004 -18"><span class='ocrx_word' id='word_1_87' title='bbox 326 1062 397 1122; x_wconf 85' lang='lat' dir='ltr'>jus</span> <span class='ocrx_word' id='word_1_88' title='bbox 422 1060 613 1120; x_wconf 77' lang='lat' dir='ltr'>quietem</span> <span class='ocrx_word' id='word_1_89' title='bbox 636 1067 870 1103; x_wconf 88' lang='lat' dir='ltr'>nautarum</span> <span class='ocrx_word' id='word_1_90' title='bbox 893 1057 1047 1102; x_wconf 84' lang='lat' dir='ltr'>saltem</span> <span class='ocrx_word' id='word_1_91' title='bbox 1067 1057 1186 1118; x_wconf 87' lang='lat' dir='ltr'>rupit</span> <span class='ocrx_word' id='word_1_92' title='bbox 1209 1055 1387 1101; x_wconf 76' lang='lat' dir='ltr'>invidia.</span> <span class='ocrx_word' id='word_1_93' title='bbox 1426 1058 1483 1100; x_wconf 93' lang='lat' dir='ltr'>Et</span> <span class='ocrx_word' id='word_1_94' title='bbox 1502 1074 1510 1101; x_wconf 91' lang='lat'><strong>:</strong></span> <span class='ocrx_word' id='word_1_95' title='bbox 1537 1054 1627 1099; x_wconf 73' lang='lat' dir='ltr'>Oh!</span> <span class='ocrx_word' id='word_1_96' title='bbox 1660 1053 1730 1099; x_wconf 89' lang='lat' dir='ltr'>in-</span> 
     </span>
     <span class='ocr_line' id='line_1_13' title="bbox 331 1126 1731 1192; baseline -0.004 -16"><span class='ocrx_word' id='word_1_97' title='bbox 331 1133 507 1192; x_wconf 86' lang='lat' dir='ltr'>quiunt,</span> <span class='ocrx_word' id='word_1_98' title='bbox 540 1142 588 1176; x_wconf 86' lang='lat' dir='ltr'>tu</span> <span class='ocrx_word' id='word_1_99' title='bbox 611 1131 800 1176; x_wconf 77' lang='lat' dir='ltr'>dormis?</span> <span class='ocrx_word' id='word_1_100' title='bbox 829 1130 938 1192; x_wconf 83' lang='lat' dir='ltr'>quid</span> <span class='ocrx_word' id='word_1_101' title='bbox 965 1140 1030 1176; x_wconf 87' lang='lat' dir='ltr'>est</span> <span class='ocrx_word' id='word_1_102' title='bbox 1062 1129 1184 1191; x_wconf 81' lang='lat' dir='ltr'>quod</span> <span class='ocrx_word' id='word_1_103' title='bbox 1201 1130 1334 1175; x_wconf 89' lang='lat' dir='ltr'>homo</span> <span class='ocrx_word' id='word_1_104' title='bbox 1359 1144 1402 1174; x_wconf 88' lang='lat' dir='ltr'>es</span> <span class='ocrx_word' id='word_1_105' title='bbox 1418 1164 1429 1185; x_wconf 85' lang='lat'>‚</span> <span class='ocrx_word' id='word_1_106' title='bbox 1457 1137 1501 1173; x_wconf 89' lang='lat' dir='ltr'>et</span> <span class='ocrx_word' id='word_1_107' title='bbox 1523 1143 1625 1173; x_wconf 90' lang='lat' dir='ltr'>cum</span> <span class='ocrx_word' id='word_1_108' title='bbox 1645 1126 1731 1171; x_wconf 90' lang='lat' dir='ltr'>ho-</span> 
     </span>
     <span class='ocr_line' id='line_1_14' title="bbox 331 1201 1731 1263; baseline -0.003 -16"><span class='ocrx_word' id='word_1_109' title='bbox 331 1204 523 1247; x_wconf 87' lang='lat' dir='ltr'>minibus</span> <span class='ocrx_word' id='word_1_110' title='bbox 564 1204 610 1246; x_wconf 91' lang='lat' dir='ltr'>in</span> <span class='ocrx_word' id='word_1_111' title='bbox 642 1203 769 1247; x_wconf 86' lang='lat' dir='ltr'>tantis</span> <span class='ocrx_word' id='word_1_112' title='bbox 800 1202 1004 1263; x_wconf 85' lang='lat' dir='ltr'>periculis</span> <span class='ocrx_word' id='word_1_113' title='bbox 1030 1203 1209 1248; x_wconf 88' lang='lat' dir='ltr'>minime</span> <span class='ocrx_word' id='word_1_114' title='bbox 1247 1201 1564 1247; x_wconf 82' lang='lat' dir='ltr'>commoveris?</span> <span class='ocrx_word' id='word_1_115' title='bbox 1608 1201 1731 1244; x_wconf 85' lang='lat' dir='ltr'>Tunc</span> 
     </span>
     <span class='ocr_line' id='line_1_15' title="bbox 332 1274 1731 1336; baseline -0.003 -17"><span class='ocrx_word' id='word_1_116' title='bbox 332 1275 457 1319; x_wconf 88' lang='lat' dir='ltr'>sortis</span> <span class='ocrx_word' id='word_1_117' title='bbox 488 1274 807 1319; x_wconf 84' lang='lat' dir='ltr'>consultatione</span> <span class='ocrx_word' id='word_1_118' title='bbox 823 1310 833 1330; x_wconf 78' lang='lat'>‚</span> <span class='ocrx_word' id='word_1_119' title='bbox 866 1275 988 1336; x_wconf 84' lang='lat' dir='ltr'>cujus</span> <span class='ocrx_word' id='word_1_120' title='bbox 1015 1275 1110 1319; x_wconf 80' lang='lat' dir='ltr'>haec</span> <span class='ocrx_word' id='word_1_121' title='bbox 1134 1290 1261 1319; x_wconf 88' lang='lat' dir='ltr'>causa</span> <span class='ocrx_word' id='word_1_122' title='bbox 1288 1282 1544 1335; x_wconf 90' lang='lat' dir='ltr'>paterentur</span> <span class='ocrx_word' id='word_1_123' title='bbox 1573 1281 1638 1317; x_wconf 89' lang='lat' dir='ltr'>est</span> <span class='ocrx_word' id='word_1_124' title='bbox 1660 1285 1731 1315; x_wconf 87' lang='lat' dir='ltr'>re-</span> 
     </span>
     <span class='ocr_line' id='line_1_16' title="bbox 331 1343 1732 1407; baseline -0.001 -18"><span class='ocrx_word' id='word_1_125' title='bbox 331 1346 557 1407; x_wconf 82' lang='lat' dir='ltr'>quisitum.</span> <span class='ocrx_word' id='word_1_126' title='bbox 590 1348 647 1390; x_wconf 87' lang='lat' dir='ltr'>Et</span> <span class='ocrx_word' id='word_1_127' title='bbox 664 1347 795 1390; x_wconf 83' lang='lat' dir='ltr'>Jonas</span> <span class='ocrx_word' id='word_1_128' title='bbox 817 1355 930 1390; x_wconf 83' lang='lat' dir='ltr'>sorte</span> <span class='ocrx_word' id='word_1_129' title='bbox 961 1355 1210 1407; x_wconf 72' lang='lat' dir='ltr'>praeventus</span> <span class='ocrx_word' id='word_1_130' title='bbox 1226 1345 1356 1406; x_wconf 83' lang='lat' dir='ltr'>jubet</span> <span class='ocrx_word' id='word_1_131' title='bbox 1375 1361 1419 1390; x_wconf 88' lang='lat' dir='ltr'>se</span> <span class='ocrx_word' id='word_1_132' title='bbox 1441 1360 1541 1390; x_wconf 87' lang='lat' dir='ltr'>vere</span> <span class='ocrx_word' id='word_1_133' title='bbox 1558 1343 1605 1388; x_wconf 90' lang='lat' dir='ltr'>in</span> <span class='ocrx_word' id='word_1_134' title='bbox 1632 1358 1732 1403; x_wconf 91' lang='lat' dir='ltr'>pro-</span> 
     </span>
     <span class='ocr_line' id='line_1_17' title="bbox 332 1416 1733 1479; baseline -0.002 -17"><span class='ocrx_word' id='word_1_135' title='bbox 332 1416 523 1462; x_wconf 83' lang='lat' dir='ltr'>fundum</span> <span class='ocrx_word' id='word_1_136' title='bbox 555 1433 674 1462; x_wconf 89' lang='lat' dir='ltr'>marc</span> <span class='ocrx_word' id='word_1_137' title='bbox 727 1417 908 1479; x_wconf 73' lang='lat' dir='ltr'>projici,</span> <span class='ocrx_word' id='word_1_138' title='bbox 951 1433 1141 1463; x_wconf 86' lang='lat' dir='ltr'>asserens</span> <span class='ocrx_word' id='word_1_139' title='bbox 1184 1418 1335 1462; x_wconf 89' lang='lat' dir='ltr'>mortis</span> <span class='ocrx_word' id='word_1_140' title='bbox 1377 1433 1467 1462; x_wconf 80' lang='lat' dir='ltr'>suae</span> <span class='ocrx_word' id='word_1_141' title='bbox 1504 1424 1733 1477; x_wconf 71' lang='lat' dir='ltr'>praeventu</span> 
     </span>
     <span class='ocr_line' id='line_1_18' title="bbox 330 1487 1733 1551; baseline -0.001 -18"><span class='ocrx_word' id='word_1_142' title='bbox 330 1489 464 1533; x_wconf 69' lang='lat' dir='ltr'>vitam</span> <span class='ocrx_word' id='word_1_143' title='bbox 487 1489 654 1534; x_wconf 75' lang='lat' dir='ltr'>caeteris</span> <span class='ocrx_word' id='word_1_144' title='bbox 680 1505 729 1533; x_wconf 91' lang='lat' dir='ltr'>ac</span> <span class='ocrx_word' id='word_1_145' title='bbox 755 1487 1206 1541; x_wconf 55' lang='lat' dir='ltr'>navis,liberationem</span> <span class='ocrx_word' id='word_1_146' title='bbox 1230 1506 1354 1551; x_wconf 87' lang='lat' dir='ltr'>posse</span> <span class='ocrx_word' id='word_1_147' title='bbox 1382 1487 1592 1550; x_wconf 75' lang='lat' dir='ltr'>praestari.</span> <span class='ocrx_word' id='word_1_148' title='bbox 1627 1489 1733 1532; x_wconf 87' lang='lat' dir='ltr'>Fes-</span> 
     </span>
     <span class='ocr_line' id='line_1_19' title="bbox 334 1558 1733 1622; baseline 0 -18"><span class='ocrx_word' id='word_1_149' title='bbox 334 1560 476 1605; x_wconf 85' lang='lat' dir='ltr'>tinant</span> <span class='ocrx_word' id='word_1_150' title='bbox 510 1560 641 1619; x_wconf 78' lang='lat' dir='ltr'>igitur</span> <span class='ocrx_word' id='word_1_151' title='bbox 671 1560 861 1605; x_wconf 62' lang='lat' dir='ltr'>universi</span> <span class='ocrx_word' id='word_1_152' title='bbox 897 1563 1020 1606; x_wconf 85' lang='lat' dir='ltr'>Jonae</span> <span class='ocrx_word' id='word_1_153' title='bbox 1055 1561 1238 1621; x_wconf 90' lang='lat' dir='ltr'>implere</span> <span class='ocrx_word' id='word_1_154' title='bbox 1268 1576 1551 1622; x_wconf 82' lang='lat' dir='ltr'>responsum,</span> <span class='ocrx_word' id='word_1_155' title='bbox 1583 1559 1661 1621; x_wconf 90' lang='lat' dir='ltr'>qui</span> <span class='ocrx_word' id='word_1_156' title='bbox 1687 1558 1733 1604; x_wconf 89' lang='lat' dir='ltr'>in</span> 
     </span>
     <span class='ocr_line' id='line_1_20' title="bbox 331 1631 1732 1694; baseline -0.001 -19"><span class='ocrx_word' id='word_1_157' title='bbox 331 1631 492 1676; x_wconf 89' lang='lat' dir='ltr'>scelere</span> <span class='ocrx_word' id='word_1_158' title='bbox 529 1631 805 1676; x_wconf 83' lang='lat' dir='ltr'>constituunt</span> <span class='ocrx_word' id='word_1_159' title='bbox 827 1631 977 1677; x_wconf 86' lang='lat' dir='ltr'>salutis</span> <span class='ocrx_word' id='word_1_160' title='bbox 1002 1649 1091 1677; x_wconf 82' lang='lat' dir='ltr'>suae</span> <span class='ocrx_word' id='word_1_161' title='bbox 1110 1649 1240 1677; x_wconf 88' lang='lat' dir='ltr'>omne</span> <span class='ocrx_word' id='word_1_162' title='bbox 1265 1632 1533 1694; x_wconf 82' lang='lat' dir='ltr'>praesidium.</span> <span class='ocrx_word' id='word_1_163' title='bbox 1559 1633 1732 1677; x_wconf 80' lang='lat' dir='ltr'>Novum</span> 
     </span>
     <span class='ocr_line' id='line_1_21' title="bbox 332 1700 1734 1765; baseline -0.001 -17"><span class='ocrx_word' id='word_1_164' title='bbox 332 1705 379 1748; x_wconf 91' lang='lat' dir='ltr'>in</span> <span class='ocrx_word' id='word_1_165' title='bbox 400 1702 597 1764; x_wconf 86' lang='lat' dir='ltr'>periculo</span> <span class='ocrx_word' id='word_1_166' title='bbox 608 1705 624 1728; x_wconf 79' lang='lat'>²</span> <span class='ocrx_word' id='word_1_167' title='bbox 639 1702 916 1765; x_wconf 66' lang='lat' dir='ltr'>acquirendae</span> <span class='ocrx_word' id='word_1_168' title='bbox 931 1704 1031 1749; x_wconf 67' lang='lat' dir='ltr'>vitae</span> <span class='ocrx_word' id='word_1_169' title='bbox 1046 1704 1314 1750; x_wconf 82' lang='lat' dir='ltr'>subsidium!</span> <span class='ocrx_word' id='word_1_170' title='bbox 1340 1703 1460 1751; x_wconf 87' lang='lat' dir='ltr'>Solet</span> <span class='ocrx_word' id='word_1_171' title='bbox 1478 1700 1734 1748; x_wconf 88' lang='lat' dir='ltr'>benefacto-</span> 
     </span>
     <span class='ocr_line' id='line_1_22' title="bbox 334 1775 1734 1837; baseline -0.001 -17"><span class='ocrx_word' id='word_1_172' title='bbox 334 1791 432 1820; x_wconf 86' lang='lat' dir='ltr'>rum</span> <span class='ocrx_word' id='word_1_173' title='bbox 453 1775 866 1821; x_wconf 70' lang='lat' dir='ltr'>commemoratione</span> <span class='ocrx_word' id='word_1_174' title='bbox 883 1775 1176 1821; x_wconf 83' lang='lat' dir='ltr'>misericordia</span> <span class='ocrx_word' id='word_1_175' title='bbox 1196 1776 1460 1837; x_wconf 86' lang='lat' dir='ltr'>promcreri:</span> <span class='ocrx_word' id='word_1_176' title='bbox 1485 1791 1604 1820; x_wconf 91' lang='lat' dir='ltr'>nunc</span> <span class='ocrx_word' id='word_1_177' title='bbox 1628 1788 1734 1819; x_wconf 71' lang='lat' dir='ltr'>vero</span> 
     </span>
     <span class='ocr_line' id='line_1_23' title="bbox 332 1845 1735 1908; baseline -0.002 -16"><span class='ocrx_word' id='word_1_178' title='bbox 332 1856 560 1907; x_wconf 82' lang='lat' dir='ltr'>peecatum</span> <span class='ocrx_word' id='word_1_179' title='bbox 594 1846 830 1892; x_wconf 90' lang='lat' dir='ltr'>admissum</span> <span class='ocrx_word' id='word_1_180' title='bbox 855 1846 1122 1892; x_wconf 81' lang='lat' dir='ltr'>crudelitatis</span> <span class='ocrx_word' id='word_1_181' title='bbox 1153 1858 1350 1893; x_wconf 82' lang='lat' dir='ltr'>auctores</span> <span class='ocrx_word' id='word_1_182' title='bbox 1376 1847 1432 1892; x_wconf 79' lang='lat' dir='ltr'>dc</span> <span class='ocrx_word' id='word_1_183' title='bbox 1460 1845 1655 1908; x_wconf 88' lang='lat' dir='ltr'>periculo</span> <span class='ocrx_word' id='word_1_184' title='bbox 1680 1845 1735 1890; x_wconf 92' lang='lat' dir='ltr'>li-</span> 
     </span>
     <span class='ocr_line' id='line_1_24' title="bbox 332 1920 1733 1979; baseline -0.001 -15"><span class='ocrx_word' id='word_1_185' title='bbox 332 1920 515 1965; x_wconf 86' lang='lat' dir='ltr'>beravit.</span> <span class='ocrx_word' id='word_1_186' title='bbox 540 1923 651 1966; x_wconf 90' lang='lat' dir='ltr'>Nam</span> <span class='ocrx_word' id='word_1_187' title='bbox 675 1920 829 1964; x_wconf 88' lang='lat' dir='ltr'>missus</span> <span class='ocrx_word' id='word_1_188' title='bbox 856 1929 920 1964; x_wconf 85' lang='lat' dir='ltr'>est</span> <span class='ocrx_word' id='word_1_189' title='bbox 942 1922 1074 1965; x_wconf 84' lang='lat' dir='ltr'>Jonas</span> <span class='ocrx_word' id='word_1_190' title='bbox 1089 1921 1135 1964; x_wconf 90' lang='lat' dir='ltr'>in</span> <span class='ocrx_word' id='word_1_191' title='bbox 1157 1937 1291 1977; x_wconf 79' lang='lat' dir='ltr'>marc,</span> <span class='ocrx_word' id='word_1_192' title='bbox 1320 1930 1364 1965; x_wconf 90' lang='lat' dir='ltr'>et</span> <span class='ocrx_word' id='word_1_193' title='bbox 1385 1921 1525 1966; x_wconf 89' lang='lat' dir='ltr'>omnis</span> <span class='ocrx_word' id='word_1_194' title='bbox 1548 1929 1733 1979; x_wconf 88' lang='lat' dir='ltr'>tempes-</span> 
     </span>
     <span class='ocr_line' id='line_1_25' title="bbox 334 1990 1733 2053; baseline 0.001 -17"><span class='ocrx_word' id='word_1_195' title='bbox 334 1992 431 2036; x_wconf 84' lang='lat' dir='ltr'>tatis</span> <span class='ocrx_word' id='word_1_196' title='bbox 469 1991 631 2036; x_wconf 80' lang='lat' dir='ltr'>saevitia</span> <span class='ocrx_word' id='word_1_197' title='bbox 669 1991 934 2053; x_wconf 75' lang='lat' dir='ltr'>conquievit.</span> <span class='ocrx_word' id='word_1_198' title='bbox 981 1991 1039 2036; x_wconf 72' lang='grc' dir='ltr'>ΟΞ</span> <span class='ocrx_word' id='word_1_199' title='bbox 1076 1991 1123 2036; x_wconf 90' lang='lat' dir='ltr'>in</span> <span class='ocrx_word' id='word_1_200' title='bbox 1160 1991 1365 2037; x_wconf 89' lang='lat' dir='ltr'>omnibus</span> <span class='ocrx_word' id='word_1_201' title='bbox 1403 1990 1733 2038; x_wconf 82' lang='lat' dir='ltr'>adversitatibus</span> 
     </span>
     <span class='ocr_line' id='line_1_26' title="bbox 334 2063 1735 2117; baseline 0.001 -9"><span class='ocrx_word' id='word_1_202' title='bbox 334 2072 515 2109; x_wconf 84' lang='lat' dir='ltr'>eventus</span> <span class='ocrx_word' id='word_1_203' title='bbox 537 2063 705 2108; x_wconf 74' lang='lat' dir='ltr'>incerti!</span> <span class='ocrx_word' id='word_1_204' title='bbox 727 2063 833 2117; x_wconf 87' lang='lat' dir='ltr'>Quis</span> <span class='ocrx_word' id='word_1_205' title='bbox 856 2079 945 2108; x_wconf 91' lang='lat' dir='ltr'>non</span> <span class='ocrx_word' id='word_1_206' title='bbox 960 2064 1157 2108; x_wconf 86' lang='lat' dir='ltr'>crederet</span> <span class='ocrx_word' id='word_1_207' title='bbox 1168 2066 1326 2109; x_wconf 89' lang='lat' dir='ltr'>Jonam</span> <span class='ocrx_word' id='word_1_208' title='bbox 1339 2064 1384 2108; x_wconf 89' lang='lat' dir='ltr'>in</span> <span class='ocrx_word' id='word_1_209' title='bbox 1398 2063 1605 2110; x_wconf 81' lang='lat' dir='ltr'>fluctibus</span> <span class='ocrx_word' id='word_1_210' title='bbox 1619 2080 1735 2110; x_wconf 89' lang='lat' dir='ltr'>mer-</span> 
     </span>
     <span class='ocr_line' id='line_1_27' title="bbox 335 2135 1731 2197; baseline 0.001 -17"><span class='ocrx_word' id='word_1_211' title='bbox 335 2137 463 2180; x_wconf 72' lang='lat' dir='ltr'>sum?</span> <span class='ocrx_word' id='word_1_212' title='bbox 491 2136 587 2197; x_wconf 89' lang='lat' dir='ltr'>quis</span> <span class='ocrx_word' id='word_1_213' title='bbox 627 2151 717 2180; x_wconf 92' lang='lat' dir='ltr'>non</span> <span class='ocrx_word' id='word_1_214' title='bbox 747 2144 941 2195; x_wconf 84' lang='lat' dir='ltr'>speraret</span> <span class='ocrx_word' id='word_1_215' title='bbox 971 2135 1061 2196; x_wconf 88' lang='lat' dir='ltr'>ejus</span> <span class='ocrx_word' id='word_1_216' title='bbox 1094 2135 1292 2180; x_wconf 83' lang='lat' dir='ltr'>exanime</span> <span class='ocrx_word' id='word_1_217' title='bbox 1317 2151 1475 2197; x_wconf 91' lang='lat' dir='ltr'>corpus</span> <span class='ocrx_word' id='word_1_218' title='bbox 1495 2145 1731 2182; x_wconf 83' lang='lat' dir='ltr'>ventorum</span> 
     </span>
     <span class='ocr_line' id='line_1_28' title="bbox 332 2204 1730 2269; baseline 0.002 -19"><span class='ocrx_word' id='word_1_219' title='bbox 332 2206 580 2251; x_wconf 87' lang='lat' dir='ltr'>diversitate</span> <span class='ocrx_word' id='word_1_220' title='bbox 621 2206 789 2267; x_wconf 88' lang='lat' dir='ltr'>ubique</span> <span class='ocrx_word' id='word_1_221' title='bbox 817 2204 1109 2262; x_wconf 74' lang='lat' dir='ltr'>volvendum,</span> <span class='ocrx_word' id='word_1_222' title='bbox 1143 2216 1186 2252; x_wconf 88' lang='lat' dir='ltr'>et</span> <span class='ocrx_word' id='word_1_223' title='bbox 1210 2206 1493 2268; x_wconf 89' lang='lat' dir='ltr'>scopulorum</span> <span class='ocrx_word' id='word_1_224' title='bbox 1515 2207 1730 2269; x_wconf 85' lang='lat' dir='ltr'>asperita-</span> 
     </span>
     <span class='ocr_line' id='line_1_29' title="bbox 335 2277 1734 2342; baseline 0.002 -19"><span class='ocrx_word' id='word_1_225' title='bbox 335 2278 451 2323; x_wconf 89' lang='lat' dir='ltr'>tibus</span> <span class='ocrx_word' id='word_1_226' title='bbox 476 2277 927 2324; x_wconf 76' lang='lat' dir='ltr'>laniandmnPMissus</span> <span class='ocrx_word' id='word_1_227' title='bbox 948 2278 993 2323; x_wconf 91' lang='lat' dir='ltr'>in</span> <span class='ocrx_word' id='word_1_228' title='bbox 1008 2295 1126 2324; x_wconf 87' lang='lat' dir='ltr'>mare</span> <span class='ocrx_word' id='word_1_229' title='bbox 1144 2279 1200 2324; x_wconf 89' lang='lat' dir='ltr'>ad</span> <span class='ocrx_word' id='word_1_230' title='bbox 1221 2295 1381 2342; x_wconf 86' lang='lat' dir='ltr'>aquam</span> <span class='ocrx_word' id='word_1_231' title='bbox 1402 2280 1630 2341; x_wconf 85' lang='lat' dir='ltr'>pervenire</span> <span class='ocrx_word' id='word_1_232' title='bbox 1643 2296 1734 2326; x_wconf 90' lang='lat' dir='ltr'>non</span> 
     </span>
     <span class='ocr_line' id='line_1_30' title="bbox 336 2349 1733 2412; baseline 0.002 -19"><span class='ocrx_word' id='word_1_233' title='bbox 336 2350 509 2409; x_wconf 76' lang='lat' dir='ltr'>potuit,</span> <span class='ocrx_word' id='word_1_234' title='bbox 544 2349 619 2393; x_wconf 85' lang='lat' dir='ltr'>scd</span> <span class='ocrx_word' id='word_1_235' title='bbox 651 2350 732 2394; x_wconf 89' lang='lat' dir='ltr'>sub</span> <span class='ocrx_word' id='word_1_236' title='bbox 770 2350 869 2395; x_wconf 91' lang='lat' dir='ltr'>cibo</span> <span class='ocrx_word' id='word_1_237' title='bbox 901 2359 1132 2411; x_wconf 78' lang='lat' dir='ltr'>exceptus,</span> <span class='ocrx_word' id='word_1_238' title='bbox 1164 2351 1301 2412; x_wconf 81' lang='lat' dir='ltr'>pejori</span> <span class='ocrx_word' id='word_1_239' title='bbox 1325 2349 1572 2396; x_wconf 84' lang='lat' dir='ltr'>discrimine</span> <span class='ocrx_word' id='word_1_240' title='bbox 1600 2351 1733 2396; x_wconf 89' lang='lat' dir='ltr'>talem</span> 
     </span>
     <span class='ocr_line' id='line_1_31' title="bbox 337 2423 1733 2482; baseline 0 -15"><span class='ocrx_word' id='word_1_241' title='bbox 337 2438 485 2467; x_wconf 86' lang='lat' dir='ltr'>casum</span> <span class='ocrx_word' id='word_1_242' title='bbox 519 2423 724 2477; x_wconf 75' lang='lat' dir='ltr'>incurrit,</span> <span class='ocrx_word' id='word_1_243' title='bbox 767 2438 867 2467; x_wconf 87' lang='lat' dir='ltr'>cnm</span> <span class='ocrx_word' id='word_1_244' title='bbox 896 2437 997 2467; x_wconf 89' lang='lat' dir='ltr'>cum</span> <span class='ocrx_word' id='word_1_245' title='bbox 1028 2423 1176 2467; x_wconf 78' lang='lat' dir='ltr'>bestiae</span> <span class='ocrx_word' id='word_1_246' title='bbox 1218 2438 1378 2482; x_wconf 81' lang='lat' dir='ltr'>vorago</span> <span class='ocrx_word' id='word_1_247' title='bbox 1414 2423 1545 2468; x_wconf 89' lang='lat' dir='ltr'>simul</span> <span class='ocrx_word' id='word_1_248' title='bbox 1581 2423 1733 2469; x_wconf 88' lang='lat' dir='ltr'>absor-</span> 
     </span>
     <span class='ocr_line' id='line_1_32' title="bbox 336 2493 1733 2555; baseline 0.002 -18"><span class='ocrx_word' id='word_1_249' title='bbox 336 2493 447 2538; x_wconf 87' lang='lat' dir='ltr'>buit.</span> <span class='ocrx_word' id='word_1_250' title='bbox 488 2496 597 2538; x_wconf 78' lang='lat' dir='ltr'>Nam</span> <span class='ocrx_word' id='word_1_251' title='bbox 620 2494 738 2538; x_wconf 88' lang='lat' dir='ltr'>hunc</span> <span class='ocrx_word' id='word_1_252' title='bbox 763 2504 883 2539; x_wconf 82' lang='lat' dir='ltr'>ectus</span> <span class='ocrx_word' id='word_1_253' title='bbox 905 2495 1073 2555; x_wconf 80' lang='lat' dir='ltr'>excepit</span> <span class='ocrx_word' id='word_1_254' title='bbox 1096 2495 1231 2540; x_wconf 67' lang='lat' dir='ltr'>avidis</span> <span class='ocrx_word' id='word_1_255' title='bbox 1253 2494 1455 2540; x_wconf 84' lang='lat' dir='ltr'>saucibus</span> <span class='ocrx_word' id='word_1_256' title='bbox 1484 2496 1632 2540; x_wconf 79' lang='lat' dir='ltr'>vivum</span> <span class='ocrx_word' id='word_1_257' title='bbox 1651 2531 1661 2552; x_wconf 82' lang='lat'>‚</span> <span class='ocrx_word' id='word_1_258' title='bbox 1688 2505 1733 2540; x_wconf 87' lang='lat' dir='ltr'>ct</span> 
     </span>
     <span class='ocr_line' id='line_1_33' title="bbox 337 2564 1728 2628; baseline 0.004 -19"><span class='ocrx_word' id='word_1_259' title='bbox 337 2581 468 2627; x_wconf 82' lang='lat' dir='ltr'>quem</span> <span class='ocrx_word' id='word_1_260' title='bbox 493 2564 813 2611; x_wconf 86' lang='lat' dir='ltr'>comedendum</span> <span class='ocrx_word' id='word_1_261' title='bbox 841 2567 1050 2628; x_wconf 81' lang='lat' dir='ltr'>sumpsit,</span> <span class='ocrx_word' id='word_1_262' title='bbox 1078 2583 1158 2613; x_wconf 87' lang='lat' dir='ltr'>nec</span> <span class='ocrx_word' id='word_1_263' title='bbox 1182 2584 1282 2624; x_wconf 85' lang='lat' dir='ltr'>ore,</span> <span class='ocrx_word' id='word_1_264' title='bbox 1318 2584 1398 2613; x_wconf 87' lang='lat' dir='ltr'>nec</span> <span class='ocrx_word' id='word_1_265' title='bbox 1428 2567 1634 2613; x_wconf 84' lang='lat' dir='ltr'>dentibus</span> <span class='ocrx_word' id='word_1_266' title='bbox 1659 2578 1728 2614; x_wconf 83' lang='lat' dir='ltr'>at-</span> 
     </span>
    </p>
   </div>
   <div class='ocr_carea' id='block_1_2' title="bbox 385 2668 1678 2718">
    <p class='ocr_par' dir='ltr' id='par_1_4' title="bbox 385 2668 1678 2718">
     <span class='ocr_line' id='line_1_34' title="bbox 385 2668 1678 2718; baseline 0.002 -16"><span class='ocrx_word' id='word_1_267' title='bbox 385 2676 392 2692; x_wconf 88' lang='lat'>¹</span> <span class='ocrx_word' id='word_1_268' title='bbox 411 2672 504 2702; x_wconf 73' lang='lat' dir='ltr'>Forte</span> <span class='ocrx_word' id='word_1_269' title='bbox 529 2668 645 2703; x_wconf 69' lang='lat' dir='ltr'>(lucta.</span> <span class='ocrx_word' id='word_1_270' title='bbox 662 2687 704 2693; x_wconf 94' lang='lat'><em>-</em></span> <span class='ocrx_word' id='word_1_271' title='bbox 731 2678 742 2693; x_wconf 59' lang='grc' dir='ltr'>ἒ</span> <span class='ocrx_word' id='word_1_272' title='bbox 759 2672 868 2704; x_wconf 76' lang='lat' dir='ltr'>Codex</span> <span class='ocrx_word' id='word_1_273' title='bbox 887 2672 1095 2716; x_wconf 48' lang='lat' dir='ltr'>periculum&amp;</span> <span class='ocrx_word' id='word_1_274' title='bbox 1116 2673 1207 2707; x_wconf 77' lang='lat' dir='ltr'>deest</span> <span class='ocrx_word' id='word_1_275' title='bbox 1224 2679 1377 2718; x_wconf 77' lang='lat' dir='ltr'>punctum</span> <span class='ocrx_word' id='word_1_276' title='bbox 1398 2678 1470 2717; x_wconf 80' lang='lat' dir='ltr'>post</span> <span class='ocrx_word' id='word_1_277' title='bbox 1481 2671 1678 2707; x_wconf 74' lang='lat' dir='ltr'>subsidium.</span> 
     </span>
    </p>
   </div>
   <div class='ocr_carea' id='block_1_3' title="bbox 1780 0 1803 404">
    <p class='ocr_par' dir='ltr' id='par_1_5' title="bbox 1780 0 1803 404">
     <span class='ocr_line' id='line_1_35' title="bbox 1780 0 1803 404; baseline 0 2872"><span class='ocrx_word' id='word_1_278' title='bbox 1780 0 1803 404; x_wconf 95' lang='lat' dir='ltr'> </span> 
     </span>
    </p>
   </div>
   <div class='ocr_carea' id='block_1_4' title="bbox 1786 52 1803 960">
    <p class='ocr_par' dir='ltr' id='par_1_6' title="bbox 1786 52 1803 960">
     <span class='ocr_line' id='line_1_36' title="bbox 1786 52 1803 960; baseline 0 0"><span class='ocrx_word' id='word_1_279' title='bbox 1786 52 1803 960; x_wconf 95' lang='lat' dir='ltr'> </span> 
     </span>
    </p>
   </div>
  </div>
 </body>
</html>
