1803 3276
322 265 408 305 314
758 275 794 304 s.
833 275 1066 304 Avatswtm
1098 272 1281 304 Emscon

320 343 510 403 repletus
528 342 692 402 Spiritu
707 352 857 387 saneto
871 343 931 386 ait
948 362 957 387 :
975 345 1149 396 «Quem
1163 343 1342 403 speratis
1353 344 1372 387 P
1383 349 1514 404 quem
1528 345 1714 389 sustine-

323 436 340 456 »
377 415 460 459 tis?
480 417 576 460 Non
593 416 820 460 consentio
843 430 988 476 neque
1008 414 1168 459 obedio
1183 415 1364 475 imperio
1384 413 1480 460 falsi
1496 416 1620 476 regiS,
1638 417 1715 462 sed

321 505 341 527 »
376 485 538 531 obedio
557 490 645 531 Deo
665 492 756 545 (a)3
780 505 801 528 »
825 496 1147 548 etcaeteraquae
1161 486 1355 532 audistis.
1370 488 1510 548 Igitur
1525 484 1711 549 etipse1,

318 557 510 602 mundus
538 567 581 602 et
604 573 758 618 purus,
788 558 989 618 spiritum
1018 557 1214 603 tradidit.
1243 562 1345 603 Post
1371 574 1521 604 omnes
1541 568 1716 605 mortua

315 639 379 675 est
392 638 435 674 et
451 639 613 687 mater3
630 638 804 673 mortua
819 629 864 672 in
883 630 1067 684 mundo,
1084 628 1161 673 sed
1179 629 1286 674 vivit
1299 630 1345 674 in
1359 633 1464 675 Deo.
1484 633 1582 676 Non
1600 631 1716 676 enim

317 703 428 747 mori
456 702 617 762 potuit,
646 717 747 762 quae
774 700 886 746 filios
914 717 1014 747 suos
1047 717 1127 762 pro
1166 717 1313 747 amore
1346 703 1423 747 Dei
1455 702 1717 762 martyrium

317 773 487 834 perpeti
509 771 628 818 fecit.
650 774 812 817 Omnes
830 772 947 817 enim
961 773 1117 818 vivunt
1134 773 1217 818 sub
1235 789 1308 819 ara
1319 774 1554 831 coelorum,
1575 774 1716 836 «quia

324 865 343 886 »
379 860 469 890 non
491 853 555 889 est
577 847 692 889 Deus
707 852 1008 901 mortuorum,
1028 844 1107 889 sed
1123 845 1323 890 vivorum
1344 831 1427 904 fb).
1454 862 1475 887 ³>

377 918 477 961 VII.
496 919 629 976 Ergo,
646 918 836 971 Fratres,
848 916 909 960 si²
920 916 1091 977 antiqui
1099 917 1207 978 justi
1220 933 1300 978 pro
1313 916 1397 962 illis
1411 917 1568 962 divinis
1581 931 1718 962 saera-

319 989 477 1033 mentis
497 987 637 1032 multa
660 988 771 1048 passi
798 998 926 1034 sunt:
952 989 985 1033 si
1006 997 1092 1034 tres
1113 1005 1274 1050 pueros
1302 999 1345 1034 et
1370 989 1597 1034 Danielem
1618 988 1717 1034 lau-

321 1060 476 1104 damus
501 1069 545 1104 et
567 1059 878 1120 praedicamus,
905 1061 1007 1121 quia
1035 1060 1091 1105 de
1117 1077 1266 1107 mensa
1288 1062 1401 1122 regis
1430 1060 1718 1107 contaminari

316 1131 585 1189 noluerunt,
615 1131 649 1176 si
674 1132 778 1176 istos
807 1141 979 1177 sanctos
1001 1133 1278 1178 Maehabaeos
1293 1170 1304 1190 ,
1326 1133 1381 1178 de
1403 1133 1567 1194 quibus
1599 1141 1719 1177 tanta

316 1202 453 1247 locuti
472 1218 639 1258 sumus,
659 1211 702 1247 et
731 1218 834 1246 cum
864 1203 1032 1262 ingenti
1048 1203 1373 1248 admirationis3
1395 1205 1511 1248 sama
1528 1202 1718 1264 proferi-

318 1291 434 1330 mus,
456 1275 534 1336 qui
561 1274 713 1319 eibum
741 1273 812 1319 vel
834 1288 996 1330 eseam,
1023 1274 1184 1335 quibus
1202 1290 1322 1320 nune
1344 1275 1581 1320 Christiani
1601 1274 1720 1319 licite

315 1356 524 1402 utuntur,
557 1346 640 1407 ipsi
671 1346 866 1406 accipere
895 1344 1158 1404 noluerunt3
1191 1362 1286 1403 nos,
1311 1362 1393 1407 pro
1415 1347 1607 1402 Christo,
1639 1361 1721 1407 pro

316 1419 534 1480 baptismo
567 1418 751 1474 Christi,
776 1433 857 1478 pro
893 1417 1167 1462 Eucharistia
1197 1418 1382 1474 Christi,
1408 1428 1452 1463 et
1483 1433 1563 1479 pro
1596 1418 1720 1478 signo

315 1491 493 1547 Christi,
514 1506 616 1552 quae
646 1491 758 1551 pati,
784 1498 861 1534 aut
889 1490 1017 1551 quae4
1036 1487 1222 1534 tolerare
1245 1490 1474 1547 debemus,
1499 1505 1603 1534 eum
1629 1488 1718 1534 illae

313 1562 496 1608 fuerunt
528 1562 835 1623 promissiones
868 1576 1017 1605 rerum
1056 1560 1444 1622 complendarum,
1486 1562 1581 1606 haec
1615 1570 1719 1605 sunt

316 1633 476 1679 indicia
494 1633 841 1694 completarum?
861 1636 985 1678 Tune
1003 1632 1122 1676 enim
1139 1642 1232 1677 erat
1247 1631 1355 1677 fides
1373 1632 1563 1688 occulta,
1583 1631 1718 1677 modo

312 1706 560 1750 manifesta.
596 1708 706 1751 Nam
741 1704 895 1749 eadem
929 1704 1192 1761 eredebant,
1218 1704 1463 1766 eademque
1482 1704 1719 1765 sperabant

311 1792 463 1821 omnes
487 1776 625 1821 sancti
646 1785 690 1819 et
714 1776 837 1836 justi.
866 1775 1168 1820 Sustineamus
1191 1791 1295 1835 ergo
1318 1785 1362 1820 et
1384 1791 1463 1820 nos
1477 1811 1488 1832 ,
1515 1778 1688 1819 Fratres
1703 1811 1714 1830 ,

311 1865 412 1909 quae
446 1847 510 1892 illi
538 1862 618 1908 pro
650 1851 741 1892 Deo
784 1848 1111 1905 sustinuerunt3
1138 1856 1473 1892 contemnamus
1498 1862 1598 1908 quae
1626 1845 1716 1890 illi⁵

309 1928 693 1980 contempserunt,
714 1927 765 1964 ut
787 1935 891 1964 eum
912 1919 1014 1979 ipsis
1037 1918 1302 1979 accipiamus
1323 1919 1461 1963 vitam
1481 1928 1710 1973 aeternam,

310 2008 445 2053 quam
466 2006 708 2052 speramus.

359 2108 405 2151 (a)
423 2118 443 2142 2
461 2109 566 2141 Mach.
588 2119 648 2149 vn,
669 2107 711 2139 30
735 2112 769 2139 et
784 2117 874 2151 seqq.
891 2105 992 2149 —-(l›)
1011 2108 1089 2140 Luc.
1111 2117 1169 2149 xx,
1191 2107 1244 2140 38.

360 2185 368 2200 ¹
391 2178 474 2209 Edit.
485 2178 562 2209 iste.
585 2192 628 2198 -—-
655 2181 668 2197 ²
682 2175 720 2208 Si
732 2175 824 2208 deest
844 2175 875 2207 in
890 2175 968 2208 Cod.
990 2193 1032 2198 —-
1053 2173 1066 2198 3
1086 2176 1163 2209 Cod.
1191 2174 1275 2209 male
1293 2173 1536 2209 achniratione.
1557 2189 1599 2199 --
1613 2171 1630 2204 4
1644 2174 1713 2206 vox

311 2246 388 2280 quoe
407 2234 499 2267 deest
512 2234 543 2266 in
558 2233 643 2266 Edit.
659 2247 702 2253 —
714 2229 730 2255 5
747 2231 889 2266 Verbum
905 2231 960 2264 illi
976 2230 1007 2264 in
1020 2231 1099 2266 eod.
1122 2242 1186 2265 non
1202 2231 1332 2275 legitur.
