1803 3276
280 256 363 294 930
710 271 742 296 s.
782 268 1012 298 Atssousnm
1046 270 1227 297 Emscorl

276 333 374 377 bilis
396 349 485 377 esse
505 335 661 379 veritas
683 334 830 391 debet,
865 336 939 379 nbi
969 335 1089 396 quod
1118 335 1282 396 populo
1305 334 1482 394 dicitur,
1516 338 1671 399 populi

279 406 525 450 testimonio
540 407 867 467 comprobatur,
884 407 1118 468 etquidem
1135 406 1285 468 populi
1300 407 1437 453 fidelis
1449 425 1498 454 ae
1510 411 1667 468 sancti3

273 492 416 537 neque
439 478 555 521 enim
579 479 841 537 ambigimus
860 478 980 540 quod
1002 479 1107 523 boni
1131 495 1179 524 ae
1200 478 1348 524 fideles
1366 479 1571 536 fuerunt,
1590 482 1667 541 qui

273 548 580 594 ascendentem
605 550 840 595 Dominum
856 549 1005 595 videre
1024 559 1296 595 meruerunt.
1312 551 1443 604 Quod
1464 550 1527 596 illi
1544 552 1668 598 vide-

270 630 389 675 runt,
405 621 527 682 quasi
541 636 642 665 eum
655 621 737 665 illis
760 638 838 666 nos
854 621 1004 667 videre
1025 621 1268 667 credamus.
1285 624 1437 682 Neque
1451 622 1566 668 enim
1578 622 1666 669 du-

270 692 409 737 bitare
423 693 555 736 debet
576 692 765 752 populus
788 693 1002 749 fidelium,
1022 694 1092 739 eui
1105 693 1403 739 testimonium
1415 692 1521 740 dicit
1535 695 1666 741 turba

269 773 536 809 sanctorum.

326 838 401 881 lv.
421 838 517 880 Huc
536 834 702 880 aceedit
715 835 838 897 quod
855 835 986 881 etiam
1001 835 1113 882 duos
1134 835 1325 896 Angelos
1344 837 1525 883 astitisse
1547 836 1666 898 plebi

263 907 448 966 legimus
466 908 672 968 przesenti
696 908 751 954 ad
774 907 1147 969 praedicationem.
1165 911 1283 954 Bene
1303 909 1460 971 utique
1481 910 1666 955 astitisse

265 979 454 1038 Angelos
477 979 642 1040 populo
663 990 768 1026 tune
794 980 1015 1041 Scriptura
1039 981 1313 1036 memoravit,
1334 990 1386 1026 ut
1407 996 1666 1040 agnoscere-

267 1066 365 1095 mus
389 1050 511 1111 quod
534 1051 786 1096 ascendenti
809 1052 854 1097 in
874 1051 1040 1096 coelum
1059 1051 1330 1111 Angelorum
1353 1052 1568 1098 ossieium¹
1591 1068 1668 1100 oc-

265 1124 468 1168 currisset
491 1122 545 1168 ad
583 1133 729 1168 terras.
769 1127 820 1168 In
853 1140 942 1185 quo
966 1124 1074 1169 mihi
1096 1124 1227 1169 etiam
1250 1123 1363 1169 illud
1385 1140 1476 1169 non
1503 1133 1667 1186 praete-

266 1195 484 1240 reundum
531 1194 706 1239 videtur
720 1231 731 1251 ‚
780 1195 902 1257 quod
942 1195 1176 1240 consimilis
1229 1195 1470 1241 admodum
1510 1197 1668 1244 honori

265 1267 495 1312 dominicae
524 1266 794 1322 Nativitatis‚
823 1276 888 1311 est
920 1267 1064 1311 honor
1101 1265 1334 1311 dominicae
1372 1268 1665 1314 Ascensionis.

263 1339 494 1386 Nascituro
517 1338 634 1382 enim
657 1338 834 1383 Gabriel
857 1337 1037 1397 augelus
1058 1338 1268 1396 mittitur3
1293 1348 1337 1384 et
1354 1355 1474 1386 nunc
1491 1340 1665 1400 Angeli‚

264 1412 448 1457 Domino
463 1411 741 1467 ascendente,
759 1411 1012 1457 mittuntur.
1032 1414 1156 1457 Tune
1173 1410 1297 1456 stella
1316 1412 1481 1458 indicat
1495 1422 1667 1470 natum,

255 1499 376 1530 nunc
398 1484 539 1528 nubes
563 1483 744 1544 suscipit
765 1493 1079 1529 revertentem.
1101 1486 1224 1529 Tunc
1238 1482 1487 1544 psallebant
1508 1484 1668 1544 Angeli

261 1558 309 1602 in
331 1556 472 1612 terris,
498 1572 618 1600 nune
639 1563 855 1600 testantur
874 1555 922 1601 in
943 1556 1083 1601 terris.
1102 1558 1225 1601 Tunc
1243 1565 1442 1617 pastores
1461 1555 1668 1614 audiunt,

257 1646 377 1676 nunc
399 1628 590 1689 populus
612 1628 826 1673 intuetur.
851 1631 976 1674 Tune
999 1629 1263 1675 muneribus
1283 1630 1402 1690 Magi
1423 1629 1665 1686 honorant,

265 1718 386 1748 nune
415 1702 513 1747 visu
534 1700 733 1761 Apostoli
765 1711 1109 1763 prosequuntur.
1141 1702 1264 1749 Siout
1289 1718 1395 1763 ergo
1416 1711 1542 1759 tunc,
1568 1717 1669 1748 nas-

260 1777 407 1820 cente²
429 1774 636 1829 Domino,
668 1774 848 1819 honoris
877 1774 987 1819 sacri
1009 1774 1258 1820 testimonia
1281 1790 1372 1820 non
1395 1774 1637 1820 defuerunt
1651 1809 1666 1831 ‚

261 1848 322 1891 ita
336 1844 600 1890 ascendente
620 1862 712 1890 non
726 1845 902 1902 desunt,
928 1844 983 1891 ad
997 1845 1345 1892 confirmandam
1361 1846 1516 1908 utique
1530 1845 1665 1892 fidem

266 1917 433 1978 generis
465 1917 676 1975 humani3
709 1926 759 1962 ut
793 1933 926 1978 quem
957 1927 1216 1978 acceperant
1249 1918 1452 1963 homines
1488 1918 1537 1962 in
1568 1932 1667 1964 car·-

264 2006 321 2035 ne
354 1988 651 2045 assistentem,
683 1987 890 2033 eumdem
923 1987 1124 2034 viderent
1165 1989 1212 2034 in
1250 1990 1475 2050 majestate
1512 2005 1666 2035 ascen-

266 2062 460 2107 dentem.

324 2135 378 2177 V.
406 2131 555 2177 Rediit
571 2147 673 2191 ergo
695 2133 751 2177 ad
773 2131 954 2188 eoelum,
971 2132 1259 2189 Dilectissimi‚
1280 2132 1400 2178 unde
1417 2131 1659 2179 descendit.

264 2204 413 2250 Rediit
428 2203 624 2265 quidem,
651 2203 727 2248 sed
741 2214 888 2248 tamen
911 2213 954 2248 ct
976 2204 1030 2248 ad
1051 2221 1129 2249 nos
1138 2205 1320 2266 jamjam
1342 2204 1562 2250 rediturus
1580 2214 1660 2250 est.

267 2275 386 2330 Quid
418 2276 534 2320 enim
564 2290 754 2336 praesens
782 2274 913 2321 lectio
937 2275 1116 2321 docuit?
1148 2296 1168 2319 «
1194 2276 1285 2322 Viri
1321 2275 1506 2333 Gafflaei,
1553 2275 1664 2337 quid

263 2351 421 2393 »statis
448 2350 522 2401 sal,
538 2366 557 2389 »
581 2357 623 2392 et
641 2348 823 2409 reliqua.
849 2348 891 2393 Si
910 2348 1154 2392 rediturum
1177 2364 1280 2408 ergo
1300 2348 1539 2393 Dominum
1558 2363 1663 2393 nos-

256 2430 375 2464 trum
397 2418 615 2464 credimus
630 2455 640 2475 ⁷
673 2418 963 2474 Dilecfflssimi,
986 2435 1063 2464 nos
1094 2428 1321 2480 expectare
1349 2418 1581 2475 debemus,
1603 2433 1661 2463 ne

255 2492 315 2538 sic
332 2507 410 2536 nos
425 2489 768 2551 comprehendat
791 2489 1005 2536 adventus
1026 2489 1142 2535 illius
1164 2506 1256 2536 non
1278 2490 1563 2551 suspicantes,
1594 2488 1658 2534 si-

305 2611 351 2652 (a)
373 2614 446 2644 Act.
469 2623 498 2653 1,
529 2622 578 2642 11.

317 2681 445 2712 ¹Code<
462 2680 542 2711 male
560 2677 685 2722 officio.
707 2696 748 2702 --
775 2680 904 2712 ²Codex
923 2690 979 2721 per
997 2689 1139 2711 errorem
1159 2678 1377 2712 ascendente.
