1803 3276
268 223 408 252 SEnMO
439 224 539 252 XLV.
578 225 631 251 DE
663 222 889 252 CASTITATE
921 223 1071 251 JOSEPH
1108 220 1397 251 PATRMRCHAE.
1440 211 1525 251 249

140 289 335 335 coelestes
350 291 491 346 amici,
506 299 549 335 et
569 299 825 351 torquentur
840 289 894 333 de
915 290 1092 334 victoria
1110 290 1328 333 daemones
1347 290 1521 335 inimici.

139 360 296 419 Angeli
313 361 359 406 in
380 361 500 406 coelis
522 360 717 404 exultant
734 376 834 404 cum
855 360 1020 415 laetitia,
1042 369 1084 404 et
1105 359 1324 404 daemones
1341 361 1385 404 in
1407 362 1525 406 terris

139 442 366 476 remanent
394 447 493 476 cum
522 431 708 476 tristitia.
735 434 935 491 Cumque
959 446 1002 474 sc
1025 429 1098 474 illa
1125 429 1292 475 videret
1315 432 1356 474 in
1380 432 1524 476 omni-

139 502 221 546 bus
256 512 515 562 superatam,
543 517 746 547 conversa
775 501 996 545 advirum
1021 516 1172 556 suum,
1206 502 1325 561 quod
1354 503 1525 546 vincere

139 588 229 617 non
264 573 433 633 potuit,
465 572 584 616 aliud
607 572 847 628 simulavit,
873 582 916 616 et
943 582 1109 616 castum
1130 573 1338 632 juvenem
1371 573 1525 616 marito

138 645 352 688 mentiens
375 644 604 689 accusavit.
630 644 769 688 Vertit
791 643 954 688 crimen
977 644 1022 687 in
1048 643 1154 699 alio,
1177 642 1296 704 quod
1314 643 1521 688 habebat.

137 714 249 759 Dicit
271 713 325 759 de
342 714 417 759 illo
440 714 561 776 quod
584 716 672 775 ipsa
685 713 825 759 facere
846 715 1074 774 cupiebat3
1095 724 1138 758 ct
1155 714 1401 758 inauditum
1418 730 1525 758 eon-

137 784 330 841 demnat,
357 786 457 846 quia
480 802 569 830 non
585 786 730 846 potuit
752 787 958 847 perficere
980 785 1101 846 quod
1117 785 1357 846 quaerebat.
1383 784 1525 829 Audi-

135 857 197 902 vit
218 857 396 902 maritus
420 857 572 902 falsam
594 873 791 913 uxorem,
818 867 860 901 ct
889 856 1016 901 facile
1042 857 1225 901 vertitur
1246 856 1289 900 in
1314 856 1521 900 furorem.

133 928 342 985 Minatur,
368 927 577 984 sudatur,
603 928 659 973 ad
686 944 892 988 magnam
917 928 1189 972 iracundiam
1218 927 1457 982 excitatur,
1484 937 1528 972 et

127 999 258 1059 jubet
286 1010 336 1045 ut
364 1000 410 1045 in
437 1016 608 1045 carcere
629 999 895 1044 includatur.
931 1003 1069 1043 Intrat
1090 998 1249 1057 ligatus
1271 998 1315 1042 in
1339 997 1525 1043 vinculis

132 1072 367 1131 praeliator,
395 1073 663 1117 somniorum
685 1072 892 1116 mirificus
907 1071 1164 1116 declarator.
1189 1074 1329 1115 Intrat
1351 1070 1497 1114 hilaris
1512 1106 1522 1126 ‚

132 1140 280 1199 laetus,
299 1143 493 1187 mundus
515 1152 558 1187 et
577 1158 734 1203 purus,
760 1142 815 1187 dc
838 1143 1032 1187 castitate
1055 1157 1226 1202 semper
1241 1157 1432 1186 securus.
1458 1142 1528 1185 Fit

134 1223 280 1259 tamen
303 1214 502 1270 tarditas,
528 1213 633 1259 dum
656 1214 894 1274 probatur3
918 1214 992 1258 sed
1013 1223 1062 1258 ut
1084 1215 1175 1274 jam
1198 1212 1359 1257 oblivio
1382 1211 1527 1272 repel-

131 1284 269 1341 latur,
296 1285 512 1330 Pharaoni
535 1286 625 1344 regi
646 1301 822 1329 somnus
851 1284 995 1341 datur,
1019 1294 1070 1330 ut
1091 1284 1252 1344 Joseph
1279 1284 1333 1327 de
1357 1299 1527 1328 earcere

131 1354 337 1401 velociter
368 1356 616 1402 reducatur.
643 1356 847 1403 Creditur
868 1365 918 1400 ut
945 1356 1162 1401 somnium
1187 1355 1379 1399 disserat.
1416 1356 1528 1399 Dicit

131 1427 279 1472 sutura
296 1463 307 1484 ‚
334 1428 590 1488 pronuntiat
613 1437 656 1472 ct
677 1437 859 1472 ventura
877 1449 887 1485 3
913 1429 1057 1472 omnia
1079 1426 1331 1481 declaravit,
1352 1435 1395 1469 et
1415 1427 1527 1470 Pha-

131 1513 205 1543 rao
228 1499 469 1559 principem
483 1514 560 1559 per
574 1513 750 1543 omnem
772 1507 927 1543 terram
950 1498 1111 1558 Joseph
1125 1497 1169 1541 in
1191 1496 1313 1541 famis
1332 1505 1526 1556 tempore

128 1567 370 1614 collocavit.
391 1573 472 1614 Per
486 1570 727 1614 castitatem
745 1569 906 1629 Joseph
929 1569 1157 1624 liberatur⁷
1183 1584 1261 1628 per
1283 1567 1526 1612 castitatem

129 1640 304 1686 humilis
328 1641 557 1697 exaltatur,
573 1658 651 1703 per
669 1642 911 1687 castitatem
934 1643 1142 1688 innocens
1165 1649 1425 1698 coronaturg
1449 1656 1526 1700 per

128 1712 263 1772 ipsam
280 1712 480 1773 imperat,
508 1730 585 1774 per
606 1713 743 1775 ipsam
767 1714 972 1769 exultat¹‚
990 1729 1066 1774 per
1088 1714 1375 1773 ipsamjustus
1395 1711 1529 1755 eflici-

130 1793 201 1829 tur
228 1784 274 1828 in
306 1785 452 1841 terris,
489 1786 593 1847 quia
615 1802 693 1847 per
715 1786 877 1846 ipsam2
905 1802 1023 1831 nunc
1050 1785 1262 1847 tripudiat
1295 1793 1526 1830 coronatus

129 1856 175 1901 in
191 1854 327 1901 coelis.

177 1959 186 1976 ¹
203 1952 311 1985 Codex
329 1952 412 1986 male
433 1953 582 1986 multat.
601 1968 644 1976 -
665 1959 678 1976 ²
693 1953 739 1985 Id.
758 1963 824 1996 per·
840 1952 927 1995 ipsu.
