1803 3276
328 320 410 358 298
754 330 787 355 s.
825 325 1055 355 mensuum
1088 326 1273 354 EPISCOPI

326 394 630 442 clavicularius
652 395 889 439 Dominicae
911 393 1146 439 mansionis
1168 414 1179 452 3
1210 406 1324 437 unus
1358 391 1569 451 piscator,
1610 387 1722 432 alius

325 477 591 529 persecutor.
617 467 776 512 Paulus
799 475 984 511 emeatus
1008 474 1072 510 est
1110 475 1159 509 ut
1181 463 1374 520 videret,
1402 467 1553 507 Petrus
1587 475 1723 519 nega-

330 541 391 584 vit
412 548 463 583 ut
490 538 701 583 crederet.
736 537 896 582 Paulus
929 546 1028 597 post
1059 536 1422 580 resurrectionem
1440 532 1646 578 Ecclesisc
1670 530 1725 575 ad

328 610 460 655 {idem
483 610 644 656 Christi
662 609 836 653 Domini
859 624 902 653 se
916 618 1190 663 convertens,
1214 616 1338 651 tanto
1352 605 1615 666 discipulus¹
1632 603 1725 649 fac-

329 692 397 727 tus
420 692 483 726 est
513 681 666 725 sortior
685 681 900 735 veritatis,
927 690 1094 741 quanto
1116 678 1378 739 pertinacior
1404 678 1548 722 fuerat
1584 675 1727 720 cultor

330 753 499 797 erroris.
517 755 670 795 Petrus
685 752 872 811 piscator
890 767 980 796 non
1001 751 1147 811 posuit
1169 751 1293 806 retia,
1315 749 1390 794 sed
1404 748 1608 803 mutavit,
1624 747 1727 807 quia

329 825 494 884 primus
517 823 684 867 honore
713 821 939 866 sacerdotii
969 830 1247 876 muneratus,
1266 821 1409 866 fontes
1432 820 1575 880 potius
1588 817 1729 877 'eoepit

327 910 472 939 amare
495 909 628 954 quam
651 894 784 938 maria
802 929 812 948 ,
840 903 997 938 utnon
1021 903 1111 938 tam
1133 894 1405 937 abstraheret
1421 907 1531 952 quos
1554 888 1728 935 oecide-

327 975 408 1020 ret,
426 964 499 1009 sed
520 974 732 1022 mergeret
754 980 863 1024 quos
881 963 1084 1009 levaret2.
1104 964 1223 1008 Beati
1240 963 1370 1023 plane
1388 963 1433 1006 in
1454 960 1730 1006 administra-

328 1037 448 1080 tione
470 1036 680 1080 doetrinae
703 1035 873 1095 positiss,
894 1035 1106 1079 beatiores
1129 1035 1175 1078 in
1198 1034 1348 1078 mortis
1366 1030 1581 1077 desiderio
1600 1045 1729 1075 cons-

328 1108 463 1152 tituti.
492 1108 558 1151 lbi
590 1107 706 1150 enim
727 1107 864 1165 gloria
894 1107 1113 1162 nutritur,
1141 1107 1213 1150 hie
1236 1104 1468 1150 traditur&
1500 1107 1551 1147 ln
1570 1100 1731 1147 saeculo

327 1179 583 1223 exercitium
604 1178 899 1222 tribulationis
920 1188 1006 1232 est,
1028 1179 1075 1222 in
1098 1186 1239 1222 morte
1263 1175 1503 1235 assumptio
1531 1175 1733 1234 majesta-

326 1250 393 1293 tis.
420 1252 533 1293 Ecce
564 1265 642 1309 per
673 1264 824 1294 omnes
861 1248 1030 1294 transiit
1063 1263 1195 1292 sonus
1229 1261 1397 1292 eorum.
1425 1245 1598 1305 Ubique
1636 1244 1733 1288 laus

326 1319 523 1380 utrisque
538 1319 780 1379 colligitur,
805 1319 971 1380 ubique
994 1317 1157 1378 linguis
1182 1317 1380 1363 fidelium
1400 1316 1731 1376 triumphorum

329 1390 509 1434 materia
532 1390 805 1450 explanatur.
1314 1386 1318 1389 i

388 1464 447 1505 ΙΙ.
485 1461 590 1514 Quis
614 1462 693 1506 hos
717 1462 876 1506 audeat
909 1470 1105 1506 mortuos
1138 1459 1386 1521 appellare,
1418 1472 1609 1520 quorum
1646 1456 1734 1502 fide

327 1533 554 1577 universus
591 1533 648 1577 ad
668 1534 803 1578 vitam
842 1533 1036 1577 mundus
1069 1532 1282 1592 erigitur?
1301 1530 1436 1591 Atqui
1465 1528 1578 1588 (ad)
1615 1526 1734 1571 illam

328 1605 505 1664 superni
520 1605 697 1649 luminis
716 1605 981 1650 invisibilem
994 1605 1267 1649 mansionem
1286 1603 1447 1647 talibus
1461 1599 1732 1654 doctoribus,

328 1691 478 1720 secura
510 1676 752 1721 ambitione
770 1675 1000 1721 festinare⁵
1025 1692 1156 1720 nemo
1179 1675 1376 1730 dubitet,
1412 1688 1542 1717 nemo
1566 1671 1736 1731 assequi

327 1747 407 1790 sibi
429 1746 695 1807 impossibile
717 1747 976 1807 suspicetur.
1004 1746 1073 1792 Ibi
1096 1747 1215 1791 enim
1235 1746 1397 1791 Paulus
1420 1754 1483 1789 est
1512 1744 1588 1805 qui
1612 1743 1736 1787 auxi-

328 1817 437 1861 lium
469 1828 647 1877 praestet
684 1819 889 1876 conanti,
914 1818 975 1862 ibi
998 1822 1152 1862 Petrus
1175 1827 1238 1863 cst
1270 1818 1347 1878 qui
1370 1815 1535 1861 coelum
1573 1814 1737 1875 aperiat

329 1889 536 1934 venienti.
564 1890 693 1935 Libet
716 1891 847 1934 etiam
865 1891 955 1950 ipsa
978 1890 1216 1935 illustrium
1238 1904 1526 1950 personarum
1543 1886 1736 1932 victricia

328 1975 508 2019 pensare
525 1969 755 2005 tormenta.
779 1960 957 2015 Paulus,
973 1960 1199 2021 inquamss,
1216 1959 1459 2005 decollatus
1473 1968 1560 2017 est,
1582 1962 1736 2002 Petrus

331 2040 443 2074 retro
467 2032 598 2075 versis
636 2032 823 2092 pedibus
846 2032 1093 2077 crucifixus.
1132 2031 1277 2076 Habet
1299 2029 1547 2092 perfeetum
1568 2038 1736 2088 myste-

330 2103 442 2145 rium
465 2102 681 2147 nobilium
704 2106 869 2148 status⁷
886 2119 1137 2163 poenarum.
1160 2102 1351 2147 Decebat
1366 2102 1484 2146 enim
1502 2110 1553 2145 ut
1575 2099 1736 2145 Paulus

330 2179 470 2237 capite
488 2177 768 2238 plecteretur,
784 2175 886 2236 quia
904 2175 1118 2219 Gentibus
1131 2184 1264 2234 caput
1281 2173 1382 2218 fidei
1396 2189 1485 2218 esse
1498 2172 1734 2233 probatur3

331 2253 484 2293 Petrus
527 2258 674 2292 autem
709 2247 813 2307 quia
855 2255 1037 2291 noverat
1073 2255 1207 2306 eaput
1246 2246 1328 2290 viri
1361 2245 1585 2290 Christum
1621 2258 1733 2298 esse,

332 2320 504 2365 Christo
520 2321 609 2380 jani
633 2319 678 2362 in
696 2318 948 2362 coelestibus
970 2317 1234 2373 constituto,
1255 2326 1389 2377 eaput
1410 2332 1537 2361 suum
1569 2316 1739 2375 praemi-

332 2392 406 2447 sit,
440 2392 625 2451 pedibus
642 2391 932 2451 sequebatur,
952 2399 1003 2434 ut
1026 2406 1141 2435 novo
1165 2406 1324 2449 genere
1348 2388 1575 2450 passionis,
1594 2387 1736 2447 ligatis

332 2463 541 2522 pedibus,
566 2462 770 2506 manibus
803 2461 1027 2517 resolutis,
1065 2462 1227 2506 et'iter
1264 2461 1441 2506 coeleste
1475 2459 1667 2515 faceret,
1693 2468 1736 2504 et

383 2555 391 2569 ¹
413 2548 490 2579 Cod.
509 2548 577 2580 siue.
594 2558 686 2578 sensu
705 2546 854 2579 humilis.
876 2565 918 2569 —
938 2554 951 2569 ²
970 2549 1066 2579 Forte
1084 2547 1227 2580 laum-ez.
1249 2563 1290 2570 ·-
1307 2545 1319 2570 3
1335 2547 1381 2579 I‹l.
1408 2546 1491 2578 male
1513 2545 1671 2591 posuisti.
1693 2562 1735 2567 —-

333 2603 347 2634 s,
375 2605 452 2636 Vide
477 2606 745 2637 Sern1.‹;‹;xcv1u.
780 2620 822 2626 --
845 2602 859 2626 5
891 2603 1148 2647 Com-sestiaca
1182 2622 1225 2628 --
1256 2602 1272 2626 6
1304 2604 1380 2636 (zoa.
1417 2603 1501 2637 male
1535 2601 1659 2647 inquit.
1692 2617 1734 2624 —-

336 2669 347 2693 Τ
363 2661 439 2692 cml.
461 2662 536 2693 isca.
561 2663 679 2693 Lector
693 2660 1101 2701 ‹1⁴-correctionejudicet.
