1803 3276
494 289 634 318 sunno
666 291 744 317 v11.
782 290 827 317 IN
860 287 1017 317 ΝΑΤΑΜ
1048 291 1206 318 nomm
1241 292 1270 318 ι.
1515 281 1567 324 71

183 356 472 417 triumphum,
486 356 808 411 ethominibus,
829 356 906 417 qui
933 354 1103 400 dudum
1117 371 1218 400 cum
1241 358 1331 400 Deo
1346 357 1573 405 habebant

181 425 434 483 divortium,
449 428 568 487 >pacis
587 425 806 471 redditum
825 436 888 470 est
904 435 1239 481 sacramentum,
1260 435 1304 470 et
1319 426 1490 473 luctum
1505 445 1576 475 ac-

180 498 297 559 cepit
328 497 529 544 diabolus
562 497 891 558 sempiternum.
928 500 1164 542 «Fuerunt
1197 506 1369 553 autem,
1399 499 1570 560 inquit,

183 587 205 611 »
239 571 437 615 Pastores
471 570 518 613 in
539 568 614 614 illa
644 569 822 627 regione
855 577 1164 629 pernoctantes
1202 578 1246 614 et
1279 569 1572 616 custodientes

182 658 203 683 ι)
237 644 474 686 nocturnas
497 641 663 701 vigilias
688 656 819 702 super
842 657 1016 700 gregem
1039 655 1181 685 suum.
1205 641 1400 701 Angelus
1425 652 1573 687 autem

179 730 204 754 ι)
237 713 412 758 Domini
434 713 568 759 astitit
589 712 688 769 illis,
707 717 760 758 'et
781 712 950 758 claritas
968 712 1048 757 Dei
1065 711 1355 758 circumfulsit
1377 713 1502 773 illos,
1527 723 1572 760 et

181 802 203 827 »
238 785 483 831 timuerunt
504 788 705 831 Pastores
728 786 885 831 timere
915 801 1080 845 magno
1115 785 1258 830 nimis.
1283 787 1342 831 Et
1361 784 1470 831 dixit
1489 786 1573 832 illis

180 875 201 900 υ
235 857 429 918 Angelus
447 876 456 904 z
476 861 540 905 Ne
554 858 808 915 timueritis,
832 874 932 902 ecce
955 858 1072 903 enim
1089 858 1304 903 annuntio
1319 858 1443 903 vobis
1465 873 1573 917 gau-

179 947 201 972 »
235 929 359 974 dium
383 930 594 990 magnum
614 929 736 991 quod
750 930 830 974 erit
841 930 1054 974 universae
1071 940 1197 975 terrae
1215 948 1224 974 ε
1242 928 1344 989 quia
1359 938 1487 974 natus
1509 939 1575 975 est

179 1018 201 1042 »
235 999 360 1046 vobis
381 1000 514 1045 hodie
539 999 763 1056 Salvator,
788 1000 865 1060 qui
889 1009 953 1044 est
975 1001 1173 1046 Christus
1194 999 1422 1055 Dominus,
1447 1000 1494 1045 in
1510 1000 1576 1045 ci-

179 1089 201 1113 »
234 1070 369 1116 vitate
389 1070 548 1117 David.
577 1074 636 1116 Et
663 1070 749 1116 hoc
780 1071 905 1116 vobis
938 1071 1109 1129 signum
1134 1090 1143 1116 :
1170 1070 1404 1116 Invenietis
1425 1071 1576 1117 infan-

178 1160 200 1184 η
234 1151 324 1187 tem
344 1143 499 1203 pannis
520 1141 793 1198 involutum,
826 1150 870 1186 et
898 1141 1091 1202 positum
1120 1141 1166 1187 in
1196 1141 1409 1202 praesepio
1433 1144 1520 1201 (a).
1547 1160 1570 1185 ι)

177 1216 264 1270 Ite,
286 1214 372 1270 ite,
404 1214 625 1270 Pastores,
655 1214 711 1259 ad
733 1213 983 1271 stabultnn3
1008 1213 1170 1259 currite
1191 1212 1351 1258 celeres
1381 1212 1436 1258 ad
1458 1229 1574 1274 praes

173 1285 342 1346 sepium
359 1306 370 1345 ς
389 1285 452 1330 ibi
466 1284 694 1332 invenietis
711 1285 843 1332 hodie
861 1302 1024 1345 agnum
1044 1296 1215 1342 natum,
1243 1284 1454 1345 gaudium
1475 1301 1573 1331 nos-

145 1358 315 1414 ’trum,
341 1358 593 1414 obtectum,
633 1373 685 1402 ex
707 1357 894 1418 peccatis
922 1357 1102 1413 nostris,
1139 1356 1415 1402 sordidorum
1444 1358 1572 1404 invo-

172 1429 296 1476 lucro
312 1443 560 1492 pannorum
577 1450 589 1490 3
609 1430 686 1491 qui
703 1445 792 1474 non
807 1444 888 1489 pro
909 1431 1038 1474 unius
1056 1429 1208 1490 populi
1222 1429 1479 1474 liberatione
1491 1445 1572 1476 vo-

169 1501 255 1548 luit
270 1502 474 1558 mactari,
511 1502 587 1547 sed
602 1518 682 1562 pro
714 1502 882 1546 cunctis
906 1501 1100 1546 debebat
1125 1500 1328 1560 gentibus
1355 1503 1566 1563 crucifigi.

172 1573 322 1619 Infans
343 1568 388 1618 in
410 1568 637 1635 praesepio,
657 1575 830 1635 juvenis
862 1569 1071 1635 pependit
1093 1574 1138 1618 in
1159 1573 1297 1634 ligno.

227 1647 610 1693 VIII.Nativitatis
628 1646 858 1692 dominicae
885 1666 905 1690 «
936 1649 1283 1703 Sacramentum,
1307 1643 1569 1708 quodvjuxta

171 1731 194 1760 s)
228 1719 511 1779 Apostolum,
535 1718 862 1764 manifestatum
882 1720 1007 1764 estin
1029 1735 1174 1776 carne,
1196 1719 1487 1781 justificatum
1503 1729 1569 1764 est

171 1807 194 1832 >›
227 1790 274 1834 in
299 1791 477 1852 Spiritu,
498 1782 642 1836 visum
663 1801 727 1836 est
740 1791 933 1851 Angelis,
957 1791 1245 1852 praedicatum
1259 1801 1323 1836 est
1345 1792 1565 1850 gentibus,

169 1878 193 1902 ι)
223 1861 440 1907 creditum
451 1853 568 1907 estin
580 1863 664 1908 hoc
681 1863 864 1919 mundo,
881 1872 1155 1923 assumptum
1167 1872 1231 1907 est
1242 1863 1286 1907 in
1302 1862 1433 1921 gloria
1452 1859 1565 1922 (b)3»

167 1932 291 1992 quod
312 1933 575 1978 Patriarchae
593 1943 892 1994 susceperunt,
914 1934 1145 1993 Prophetae
1167 1943 1267 1978 ante
1285 1934 1427 1978 testati
1445 1942 1564 1989 sunt,

167 2002 323 2062 Angeli
344 1996 667 2061 fiindaverunt,
699 2003 897 2065 Apostoli
925 2005 1231 2060 firmaverunt,
1256 2007 1469 2063 Martyres
1486 2020 1566 2065 pa-

166 2075 316 2121 tiendo
349 2076 534 2122 confessi
566 2084 694 2132 sunt,
730 2076 855 2121 factis
878 2076 1035 2122 veritas
1073 2075 1249 2132 docuit,
1281 2075 1390 2120 fides
1418 2086 1566 2122 nostra

166 2146 390 2205 prob-avit,
414 2141 558 2193 virtus¹
573 2147 771 2208 implevit
787 2183 797 2203 ,
824 2156 867 2192 et
889 2147 944 2191 ad.
961 2163 1039 2191 nos
1053 2143 1194 2208 usque
1205 2162 1284 2207 per
1297 2147 1479 2207 gratiam
1497 2146 1566 2192 diss-

165 2217 255 2262 vini
276 2219 533 2263 sacramenti
550 2218 762 2264 transivit.
792 2214 1014 2263 Habemus
1031 2219 1162 2279 hujus
1189 2217 1291 2263 fidei
1313 2227 1441 2263 testes
1463 2218 1565 2264 ido-

165 2303 286 2345 neos,
312 2300 541 2335 assertores
569 2283 879 2351 probatos,⁸et
916 2283 1146 2350 Apostolos
1168 2291 1411 2350 magistros.
1433 2290 1564 2344 Quod

165 2360 282 2404 enim
314 2361 453 2405 videri
486 2377 575 2406 non
597 2371 770 2422 poterat
798 2362 845 2405 in
878 2361 1057 2406 Deitatis
1085 2362 1332 2422 majestate,
1369 2358 1564 2406 innotuit

166 2431 390 2477 evidenter
411 2433 458 2477 in
479 2433 617 2477 earnis
640 2433 912 2491 humilitate3
941 2442 983 2477 ct
1003 2432 1123 2494 qnod
1142 2432 1367 2478 eeIabatur
1386 2434 1561 2493 sapien-

166 2501 282 2547 tibus
303 2503 350 2547 in
370 2504 530 2548 virtute
544 2502 726 2559 coelesti,
755 2504 996 2549 revelatum
1018 2514 1081 2548 est
1098 2504 1288 2564 parvulis
1305 2505 1350 2548 in
1373 2505 1560 2548 infirmi-

164 2582 253 2618 tate
281 2574 467 2633 carnali,
488 2565 533 2619 *et
555 2585 606 2620 ut
626 2576 864 2634 erigeretur
887 2576 1112 2620 infirmitas
1129 2611 1140 2631 ,
1167 2574 1352 2620 coelestis
1381 2584 1446 2620 est
1471 2576 1558 2620 hu-

210 2659 257 2700 (α)
279 2661 357 2692 Luc.
381 2671 417 2701 ιι,
438 2660 535 2693 8-12.
558 2678 599 2683 --
623 2660 667 2701 (b)
689 2671 699 2692 1
727 2661 805 2693 Τὶιιι.
831 2671 877 2701 ιιι,
900 2660 950 2692 16.
