1803 3276
382 288 522 318 SERMo
552 289 712 318 xxvm.
747 288 803 315 DE
835 284 991 315 pAsan
1023 289 1119 314 vm,
1364 277 1442 317 171

58 355 177 401 salvo
197 355 368 417 pietatis
403 354 586 410 affectu,
609 353 871 398 sententiam
898 367 1020 396 suam
1053 353 1268 397 convertit
1296 352 1341 397 in
1372 353 1449 397 Fi-

57 424 192 486 lium,
223 424 300 488 qui
321 441 422 471 eum
444 441 524 487 pro
553 425 727 486 populis
752 423 893 470 voluit
914 432 965 469 ut
995 433 1136 469 morte
1159 424 1447 470 momentaria

57 497 330 558 fungeretur.

117 573 200 615 III.
225 571 264 615 Ο
282 584 491 628 magnum
509 568 767 627 mysterium
787 565 981 628 pietatis!
1001 565 1196 612 Mundus
1216 574 1390 628 peccat,
1407 576 1453 611 et

56 641 256 687 Christus
289 639 526 695 occiditur,
557 648 610 684 ut
652 642 767 685 Deus
795 640 938 700 justus
967 646 1011 682 et
1042 638 1140 698 pius
1168 653 1249 683 nec
1282 646 1455 682 senten-

56 712 163 757 tiam
183 726 308 757 suam
334 709 442 770 legis
463 710 741 771 infringeret,
767 717 871 771 (nec
892 708 1085 754 mundus
1102 745 1113 765 ,
1133 724 1215 754 nec
1237 708 1374 754 Filius
1388 710 1402 737 ²
1420 714 1449 768 ),

55 797 138 828 nec
169 782 481 833 iimocentiam
524 782 798 842 extingueret
822 817 834 837 ,
878 779 955 826 sed
997 790 1183 826 reatum.
1230 783 1328 841 Ipse
1360 778 1453 825 Do·-

55 853 201 898 minus
223 850 421 899 Christus
440 853 536 898 haec
557 852 737 910 cecinit,
772 853 892 914 prius
909 867 1043 913 quam
1069 866 1151 911 pro
1171 850 1327 894 mundi
1347 865 1454 910 pro-

55 923 173 969 luvie
194 922 394 985 patibulo
417 923 623 982 figeretur
644 944 654 970 z
683 944 703 967 ‹<
725 927 792 969 Ita
813 927 928 968 Deus
956 921 1110 966 dilexit
1129 920 1377 976 mundum,
1402 930 1453 966 ut

59 1014 79 1038 n
115 994 278 1040 Filium
297 1010 428 1040 suum
448 995 630 1040 unicum
652 994 776 1039 daret
787 1009 868 1054 pro
890 1009 943 1038 eo
965 1012 975 1038 ε
1000 1002 1052 1038 ut
1072 992 1212 1037 omnis
1225 992 1302 1053 qui
1314 990 1455 1036 credit

57 1086 79 1111 »
113 1067 161 1112 in
187 1066 314 1111 illum
340 1082 432 1111 non
453 1075 626 1126 pereat,
653 1065 731 1111 sed
752 1066 915 1110 habeat
936 1064 1070 1110 vitam
1091 1068 1398 1120 aeternamm).
1427 1078 1449 1104 ›·›

55 1138 279 1185 Declamat
298 1138 402 1183 hinc
418 1138 640 1199 apostolus
663 1136 841 1194 Paulus,
864 1146 909 1182 et
931 1136 1037 1182 dicit
1062 1155 1072 1183 ε
1097 1155 1118 1180 ‹<
1151 1136 1350 1182 Christus
1372 1150 1452 1181 nos

57 1229 79 1252 n
113 1209 299 1256 redemit
327 1209 384 1255 de
409 1209 644 1256 maledicto
664 1210 794 1269 legis,
826 1208 967 1255 factus
989 1223 1070 1269 pro
1091 1207 1219 1253 nobis
1244 1206 1454 1252 maledic-

57 1300 80 1324 »
113 1290 200 1338 tus,
222 1281 329 1343 quia
351 1282 562 1342 scripttun
584 1291 648 1327 est
667 1299 678 1327 t
703 1280 961 1327 Maledictus
982 1280 1121 1325 omnis
1143 1279 1220 1340 qui
1240 1277 1453 1339 pependit

55 1371 77 1396 η
111 1353 158 1398 in
184 1352 308 1413 ligno
329 1351 409 1410 (b).
438 1371 460 1396 »
490 1356 550 1399 Et
574 1353 734 1398 iterum
759 1373 768 1398 :
793 1372 814 1395 «
841 1352 885 1397 Si
905 1354 1021 1397 Deus
1055 1366 1136 1411 pro
1167 1349 1296 1395 nobis
1312 1385 1323 1404 ,
1355 1349 1453 1410 quis

113 1434 268 1470 contra
288 1441 367 1471 nos
378 1427 462 1482 (c)?
477 1426 519 1471 Si
541 1427 657 1470 Deus
680 1424 793 1470 Filio
812 1427 912 1469 suo²
932 1439 1022 1488 non
1043 1421 1255 1483 pepercit,
1275 1419 1354 1466 sed
1374 1436 1455 1481 pro

54 1513 77 1538 »
110 1496 238 1541 nobis
260 1496 464 1541 omnibus
487 1495 668 1540 tradidit
684 1494 826 1551 illum,
849 1492 1076 1556 quomodo
1095 1509 1186 1538 non
1199 1492 1331 1537 etiam
1352 1507 1455 1536 cum

53 1580 76 1610 n
109 1567 187 1613 illo
208 1568 355 1613 omnia
375 1567 501 1613 nobis
531 1567 797 1613 condonavit
813 1565 891 1629 (d).
913 1585 934 1609 »
959 1568 1050 1612 Cur
1070 1568 1186 1610 Deus
1219 1564 1331 1609 Filio
1363 1580 1455 1609 nou

51 1639 246 1700 pepercit
259 1674 270 1695 ,
285 1639 504 1700 quaeritis,
522 1639 624 1700 quia
636 1642 751 1693 Deus
773 1637 821 1682 in
833 1637 947 1682 Filio
962 1637 1180 1682 revicturo
1199 1651 1292 1680 non
1308 1634 1456 1680 timuit

51 1710 301 1756 orbitatem.
340 1712 542 1772 Majestas
582 1710 699 1754 enim
735 1718 949 1770 perpetua
980 1723 1062 1753 nec
1099 1706 1313 1752 occiditur
1329 1742 1340 1763 ,
1372 1721 1455 1751 nec

50 1781 218 1826 finitur.
236 1779 321 1826 Sed
334 1781 437 1842 quia
455 1780 593 1826 Filius
605 1780 683 1826 Dei
695 1795 840 1842 neque
853 1794 1090 1834 senescere,
1103 1793 1247 1839 neque
1255 1777 1367 1823 mori
1380 1793 1456 1822 na-

51 1850 249 1898 turaliter
259 1851 436 1912 possit³‚
454 1852 621 1897 occisus
636 1859 717 1907 est,
731 1859 783 1896 ut
800 1849 975 1895 mortali
989 1864 1170 1910 corpore
1183 1847 1424 1894 solveretur
1440 1869 1452 1907 3

51 1922 276 1969 ludificata
293 1922 527 1968 crudelitas
544 1923 714 1968 facinus
726 1921 945 1983 perdidit,
965 1936 1069 1965 nam
1087 1919 1242 1965 revixit
1267 1919 1449 1965 occisus.

112 1997 189 2040 IV.
231 1993 388 2040 Videte
417 2010 539 2039 nunc
561 1992 730 2039 Filium
752 1993 831 2038 Dei
862 1992 918 2037 ab
950 1990 1099 2037 inferis
1121 2000 1451 2051 resurgentem,

51 2066 162 2127 gerit
180 2065 363 2112 vulnera
383 2065 604 2123 triduana,
618 2066 781 2128 quibus
798 2065 939 2126 possit
956 2063 1149 2125 agnosci,
1163 2079 1266 2109 nam
1280 2063 1315 2108 si
1327 2063 1449 2120 velit,

54 2138 208 2184 mortis
225 2137 422 2184 aboleret
447 2139 675 2198 notitiam,
697 2138 776 2199 qui
796 2151 1020 2196 resurgere
1047 2136 1215 2197 potuit,
1239 2135 1386 2196 potuit
1410 2145 1454 2180 et

53 2209 211 2255 curari.
239 2209 410 2255 Salutat
429 2207 685 2270 Apostolos,
705 2207 945 2264 salutatur,
970 2207 1245 2253 convescitur
1260 2241 1271 2262 ,
1293 2205 1453 2265 gaudet

53 2296 98 2326 se
115 2280 332 2342 populum
357 2280 613 2336 redemisse,
643 2296 755 2343 quos
782 2289 963 2326 venerat
989 2279 1340 2340 redempturus4.
1366 2281 1455 2322 Re-

53 2351 220 2413 dempti
233 2351 581 2411 igitur,Fratres,
598 2352 829 2398 nobiscum
840 2351 976 2412 petite
996 2351 1129 2407 bona,
1148 2366 1249 2412 quae
1261 2349 1418 2410 cupitis
1439 2370 1452 2408 3

54 2432 214 2470 cuncta
232 2423 360 2470 nobis
380 2439 589 2485 prospera
609 2424 775 2470 tribuet
791 2440 870 2470 suo
892 2424 1100 2483 sanguine
1121 2421 1329 2467 liberatis.

99 2531 146 2573 (α)
166 2533 257 2565 Joan.
277 2543 331 2574 111,
354 2532 459 2565 16.—
478 2532 603 2576 (b)Gal.
626 2544 679 2576 ui,
707 2533 759 2567 13.
781 2550 823 2557 —
847 2532 890 2575 (c)
910 2535 1001 2566 Rom.
1022 2543 1094 2574 viu,
1114 2531 1220 2564 31.—
1237 2528 1287 2572 (d)
1301 2529 1380 2562 Ibid.
1396 2529 1448 2561 32.

103 2605 112 2624 ¹
130 2601 205 2632 Haec
218 2600 367 2633 videntur
385 2601 561 2635 abundare.
583 2618 626 2624 —
649 2607 662 2624 2
675 2601 782 2634 Codex
800 2599 882 2634 male
895 2601 931 2633 F
929 2600 1023 2633 ilium
1041 2611 1147 2632 suum.
1169 2615 1211 2622 --
1227 2596 1301 2630 31ta
1319 2597 1427 2631 Codex
1439 2621 1448 2638 ,

55 2657 108 2700 qui
125 2655 235 2690 melius
252 2655 412 2691 habuisset
422 2656 549 2700 potest.
566 2671 608 2682 -ὴ
623 2655 641 2688 4
663 2652 742 2691 ‘vide
760 2658 863 2691 Sex-m.
883 2658 1038 2699 txxxvm,
1057 2667 1088 2688 n.
1111 2665 1150 2697 a,
1169 2660 1205 2689 et
1220 2664 1315 2687 oexmi
1328 2679 1336 2695 ,
1356 2665 1386 2685 n.
1413 2665 1440 2686 1.
