1803 3276
343 229 426 268 210
766 239 799 263 s.
836 236 1064 263 Acocsnm
1099 234 1276 261 Episcopi

340 311 557 349 meantem
582 301 1019 357 demonstraverunv,
1045 299 1120 361 qui
1159 299 1289 343 oliam
1329 317 1348 339 «
1376 297 1556 356 Ingressi
1579 297 1729 342 civita-

343 395 364 418 »
401 385 487 420 tem
509 374 656 419 multis
675 381 972 434 apparuerunt
988 376 1069 427 (α).
1099 390 1118 412 n
1151 371 1304 416 Divina
1326 369 1441 414 enim
1461 378 1730 414 sacramenta

338 447 383 493 in
400 446 611 507 mysteriis
632 444 821 505 antiquis
853 443 1109 488 abscondita
1127 479 1138 498 ,
1164 443 1210 487 in
1236 442 1409 488 Christo
1425 440 1612 486 Domino
1635 438 1730 486 Sal-

335 528 486 564 vatore
506 526 655 563 nostro
683 514 888 559 videntur
909 512 1164 559 mirabiliter
1198 512 1413 569 revelata,
1438 528 1538 573 quae
1559 509 1732 557 salvan-

337 589 402 636 dis
421 588 673 636 homiuibus
698 587 757 631 ita
783 595 887 632 sunt
908 584 1226 640 demonstrata,
1252 594 1303 630 ut
1329 584 1533 630 omnibus
1548 581 1733 630 creden-

339 662 456 707 tibus
477 660 710 707 salutarem
730 656 959 705 conferant
976 657 1254 703 medicinam.

339 829 694 848 mmm
698 824 1719 847 mmmmmmmmmmm

777 976 999 1025 SERMO
1035 975 1295 1024 XXXVII.

726 1135 781 1179 ln
802 1131 959 1178 diebus
986 1131 1271 1178 Paschalibus
1296 1133 1356 1178 ΙΙ.

397 1267 436 1316 S
439 1266 564 1330 tylus
577 1266 935 1330 aliquantisper
946 1266 1117 1324 durus;
1126 1266 1325 1329 phrasis
1339 1281 1439 1313 una
1457 1267 1650 1330 integra
1664 1282 1738 1313 re-

335 1341 526 1403 peritur
537 1340 586 1385 in
600 1339 834 1387 Sermone
848 1356 1027 1400 sequen
1033 1341 1072 1385 ti
1082 1357 1228 1397 xxx1x,
1239 1349 1285 1385 et
1299 1338 1407 1385 ideo
1414 1338 1606 1386 videtur
1614 1337 1740 1402 ejus-

337 1408 448 1458 dem
460 1427 562 1458 esse
575 1412 805 1469 auctoris,
822 1409 877 1457 id
892 1421 980 1470 est,
995 1411 1060 1458 D.
1075 1411 1339 1476 Augustini
1350 1409 1422 1456 ad
1436 1426 1577 1470 quem
1587 1411 1742 1456 mani-

324 1482 464 1547 feste
480 1492 551 1528 est
576 1481 875 1547 referendus.
896 1481 1200 1530 Extrahitur
1212 1499 1276 1529 esc·
1295 1481 1474 1529 Codice
1484 1481 1633 1542 Cass.
1658 1499 1737 1538 xn,

323 1553 429 1619 fol.
449 1561 548 1611 160,
573 1556 658 1615 qui
670 1554 709 1602 S
713 1589 724 1601 .
735 1556 786 1601 A
789 1556 1012 1620 agustini⁴
1015 1557 1166 1618 foetus
1178 1564 1509 1617 repraesentat.
1533 1554 1742 1601 Concor-

339 1626 429 1672 dat
449 1626 702 1674 exordium
722 1644 833 1674 eum
854 1628 1057 1675 exordio
1074 1628 1321 1676 Sermonis
1339 1647 1456 1675 ch11
1487 1625 1742 1690 Appendi-
1775 1621 1778 1623 Δ

339 1698 410 1743 cis
424 1699 489 1744 M
485 1716 592 1745 aur.
610 1708 778 1746 etcum
797 1698 1000 1746 exordio
1012 1699 1260 1747 Sermonis
1281 1701 1544 1760 sequentis;
1562 1708 1741 1747 caetera

339 1779 502 1816 autem
514 1770 759 1836 differunt.
787 1770 961 1819 Utrum
973 1787 1133 1834 parva
1147 1772 1261 1835 styli
1271 1771 1476 1831 duritas,
1493 1781 1540 1819 et
1554 1771 1639 1818 illa
1651 1788 1740 1817 va-

340 1843 521 1892 riorum
532 1842 844 1890 exordiorum
850 1843 1110 1892 similitudo
1123 1846 1328 1910 sufficiat
1341 1843 1412 1891 ad
1423 1843 1738 1909 rejiciendam

345 1913 539 1961 Codicis
561 1917 753 1976 antiqui
765 1914 1090 1962 etautlzentici
1106 1918 1448 1963 auctoritatem
1460 1916 1636 1963 Lector
1665 1916 1738 1961 vi·-

341 1982 479 2042 deat,·
493 2001 583 2049 ego
604 2002 692 2032 nec
707 1986 1024 2049 rejiciendum
1040 1985 1209 2044 credo,
1229 2002 1319 2033 neo
1334 1984 1493 2033 audeo
1515 1986 1735 2050 rejicere,

338 2071 448 2103 cum
471 2056 621 2120 stylus
635 2057 700 2104 D.
721 2059 990 2121 Augustini
1008 2057 1277 2118 aliquando
1297 2057 1445 2107 durus
1466 2057 1666 2116 evadat,
1691 2068 1739 2105 et

338 2136 507 2173 orator
518 2127 812 2175 christianus
828 2131 1003 2191 soepius
1021 2140 1168 2190 atque
1197 2146 1262 2175 ex·
1297 2128 1506 2191 abrupto
1541 2128 1738 2190 loquens

339 2195 469 2244 idem
486 2198 743 2245 exordium
778 2199 848 2245 bis
863 2210 950 2245 aut
971 2201 1120 2245 etiam
1143 2209 1218 2246 ter
1244 2216 1480 2262 usurpare
1504 2202 1731 2260 potuerit.

337 2268 566 2316 Ponatur
583 2280 697 2332 post
711 2269 1072 2332 praecedentem
1099 2286 1208 2318 cum
1237 2287 1439 2319 numero
1481 2272 1531 2318 in
1565 2269 1735 2318 diebus

337 2338 669 2388 Pasclzalibus
682 2359 796 2389 xxxi.

381 2478 425 2518 (a)
443 2479 556 2512 hiatu..
574 2490 663 2513 xxvu
677 2505 686 2522 ‚
706 2479 759 2512 53.
