1803 3276
171 290 308 318 sermo
330 291 436 319 Lxu.
464 292 508 321 ιΝ
530 288 825 319 SOLEMMTATE
847 290 900 319 ss.
928 291 1258 319 MACHABAEORUM
1278 294 1324 319 11.
1362 282 1445 320 313

67 356 168 402 tavi.
194 359 257 403 Ne..
279 373 369 401 uno
391 366 614 402 momento
637 355 880 402 confundas
902 366 1172 402 senectutem
1198 373 1367 416 meam,
1392 375 1447 402 ue

67 426 288 473 decolores
307 437 373 473 tot
388 426 572 472 fratrum
593 436 770 488 tuorum
782 428 1000 488 trophaea,
1016 429 1093 471 nel
1110 443 1279 472 sacrum
1297 444 1448 473 eorum

65 498 322 544 comitatum
344 497 579 559 relinquas,
603 514 684 543 nec
712 499 979 543 consortium
1007 498 1191 543 deseras.
1231 518 1250 541 «
1276 499 1447 559 Aspice,

70 589 89 610 »
124 569 284 630 inquit,
311 569 411 625 Fili,
436 569 482 613 in
497 569 661 615 coelum
674 571 766 628 (a),
795 589 815 612 >›
841 569 961 614 unde
979 570 1180 630 spiritum
1202 579 1244 613 et
1262 571 1451 614 animam

65 640 292 700 accepisti,
315 659 335 683 ‹<
356 640 496 701 aspice
516 640 561 684 in
581 644 782 697 terram2,
806 659 827 683 »
849 657 947 702 quae
970 641 1049 685 tibi
1077 640 1282 685 alimenta
1304 640 1452 684 salutis

65 711 437 769 subministravit,
464 711 606 772 aspice
639 710 814 768 fratres,
847 712 924 774 qui
957 711 1168 771 collegam
1199 720 1452 772 expectant,

65 782 206 842 aspice
232 791 417 826 matrem
439 783 476 838 ³,
512 801 533 825 «
565 798 664 843 quae
694 783 775 828 tibi
799 783 865 828 lac
888 800 965 844 per
986 784 1156 827 trienne
1178 792 1349 843 tempus
1371 783 1452 826 de-

67 871 88 894 »
124 853 188 897 dit
199 851 279 912 (b).
308 871 329 896 »
355 852 509 898 Redde
530 853 777 898 mercedem
798 855 857 914 pii
878 854 1122 913 sanguinis,
1146 853 1237 898 noli
1261 870 1285 898 a
1307 852 1454 898 fratri-

63 924 147 968 bus
164 924 368 984 separari,
394 924 461 969 et⁴
479 941 580 986 quae
599 934 642 969 te
660 925 904 985 parturivit,
927 935 1065 970 matre
1088 924 1279 970 divelli5.
1304 927 1450 983 Rogo,

64 994 164 1051 Fili,
190 994 450 1056 temporales
470 996 549 1040 tibi
579 995 749 1040 divitias
768 996 982 1056 promittit
1003 996 1244 1040 Antiochus
1266 1012 1355 1051 rex,
1380 1006 1422 1040 et
1437 998 1452 1022 ⁰

63 1065 324 1126 temporales
345 1066 561 1124 honores,
585 1066 661 1111 sed
695 1066 839 1111 omnia
861 1067 961 1111 vide
989 1076 1032 1111 et
1053 1067 1191 1127 proba
1220 1068 1321 1128 quia
1342 1083 1453 1112 vana

61 1145 180 1193 sunt,
221 1137 480 1197 temporalia
521 1145 566 1181 et
606 1137 776 1196 inania,
815 1140 1003 1182 aeterna⁷
1040 1154 1131 1183 non
1166 1147 1284 1182 sunt.
1329 1137 1457 1183 Solus

62 1211 177 1253 Deus
211 1217 376 1253 aeterna
403 1208 644 1268 promittit,
669 1209 748 1269 qui
778 1209 1001 1254 neminem
1032 1209 1210 1268 decipit,
1236 1210 1456 1253 neminem

62 1278 191 1324 fallit.
229 1279 329 1335 Fili,
365 1278 594 1324 recordare
615 1279 749 1324 verba
780 1280 953 1324 Domini
981 1280 1058 1324 Dei
1080 1280 1175 1337 tui,
1204 1278 1455 1336 recordare,

63 1349 273 1410 inquam,
300 1342 421 1411 quod
442 1349 583 1408 legisti
610 1349 705 1395 vel8
732 1349 919 1408 audisti,
954 1349 1063 1411 quid
1085 1354 1199 1395 Deus
1233 1350 1349 1395 dicat
1379 1367 1458 1411 per

65 1421 352 1481 Prophetam:
382 1440 402 1463 ι(
428 1421 606 1466 Vanitas
627 1421 893 1478 vanitatum,
924 1431 967 1466 et
990 1421 1135 1466 omnia
1158 1422 1324 1466 vanitas
1336 1424 1410 1480 (e).
1435 1441 1456 1464 »

64 1493 103 1536 Ο
125 1491 225 1548 Fili,
250 1491 342 1537 noli
372 1491 524 1536 timere
556 1492 825 1536 Antiochum
859 1508 1028 1552 regem,
1053 1493 1129 1553 qui
1151 1501 1279 1536 tuum
1301 1508 1460 1553 corpus

65 1561 121 1607 ad
141 1564 339 1623 tempus⁹
368 1561 545 1617 occidit,
577 1562 654 1607 sed
675 1562 780 1607 time
803 1567 941 1608 Deum
965 1573 1108 1618 tuum,
1133 1564 1209 1624 qui
1232 1580 1389 1624 corpus
1417 1574 1461 1609 et

65 1634 255 1678 animam
269 1649 370 1678 cum
386 1633 472 1678 tuis
492 1631 701 1677 fratribus
723 1634 1057 1678 resuscitabitw.
1077 1637 1163 1679 Vos
1182 1635 1331 1695 itaque
1353 1635 1460 1679 mihi

62 1713 230 1765 septem
251 1705 423 1749 dierum
437 1703 605 1748 lumina
626 1707 740 1749 Deus
759 1704 894 1749 dedit.
913 1708 937 1749 J
942 1720 1011 1749 am
1027 1715 1196 1750 sextum
1217 1705 1333 1750 diem
1352 1722 1459 1751 con-

64 1775 190 1831 clusi,
215 1776 318 1837 quia
339 1791 412 1820 sex
435 1784 534 1820 tuos
556 1774 710 1819 fratres
733 1775 788 1819 ad
808 1776 1043 1820 Dominum
1062 1777 1268 1837 praemisi,
1298 1787 1341 1822 et
1369 1793 1461 1822 om-

66 1847 190 1891 nium
220 1862 352 1906 opera
372 1844 500 1891 valde
520 1846 639 1890 bona
667 1845 772 1890 vidi.
794 1846 932 1891 Debes
959 1850 1044 1891 et¹¹
1078 1857 1127 1892 tu
1157 1849 1278 1909 sequi
1308 1847 1461 1893 fratres

68 1927 165 1962 tuos
178 1920 229 1974 ¹²,
243 1917 344 1973 Fili,
359 1927 411 1962 ut
422 1933 524 1978 quae
546 1916 693 1960 inillis
710 1932 782 1960 sex
796 1916 1007 1973 laboravi,
1024 1918 1069 1962 in
1091 1928 1130 1962 te
1142 1919 1377 1978 septimum
1392 1936 1460 1963 re-

67 1989 303 2050 quiescam,
332 1988 437 2048 quia
465 1996 509 2031 et
543 1987 755 2031 Dominus
790 1991 904 2032 Deus
937 1988 993 2032 ad
1022 2005 1154 2050 quem
1180 1991 1393 2034 curritis1³
1417 2001 1460 2035 et

67 2059 258 2121 pergitis,
287 2059 472 2119 septimo
492 2058 561 2102 die
588 2058 803 2118 requievit
821 2060 875 2102 ab
899 2060 1103 2104 omnibus
1127 2061 1330 2121 operibus
1347 2062 1456 2118 suis,

70 2141 114 2176 et
135 2147 215 2191 ego
237 2131 507 2192 requiescam
524 2129 570 2173 in
585 2139 628 2173 te
651 2129 705 2173 ab
725 2130 929 2174 omnibus
943 2129 1146 2189 lacrymis
1168 2132 1288 2176 meis.

127 2205 205 2247 VI.
229 2202 321 2258 Tali
339 2217 442 2262 ergo
456 2202 489 2227 ¹⁴
506 2209 550 2245 et
560 2200 642 2245 isto
656 2209 856 2246 materno
871 2202 1149 2248 hortamento
1167 2203 1459 2250 admonitus¹⁵

115 2299 161 2340 (α)
179 2308 199 2332 2
221 2299 326 2331 Mach.
343 2310 398 2341 vn,
420 2299 475 2332 28.
497 2317 539 2322 -—
557 2299 600 2341 (b)
619 2300 702 2332 Ibid.
720 2309 773 2343 27.
801 2318 843 2322 ——
861 2300 904 2341 (c)
923 2300 1028 2332 Eccle.
1055 2312 1078 2342 1,
1093 2310 1125 2333 2.

118 2374 128 2391 ¹
156 2367 242 2400 Edit.
269 2379 343 2399 nec.
364 2384 407 2390 —
427 2374 440 2389 2
461 2367 545 2400 Edit.
568 2369 603 2400 in
624 2376 728 2401 tert-a.
751 2386 792 2391 —
820 2367 832 2390 3
855 2369 932 2400 Vide
957 2370 1059 2401 Serm.
1081 2380 1146 2411 ccc,
1182 2381 1212 2402 n.
1235 2381 1265 2412 7.
1286 2370 1356 2401 —4
1381 2372 1458 2405 Cod.

71 2423 154 2456 male
176 2430 291 2455 oetate.
320 2440 362 2445 —
388 2420 405 2445 5
428 2423 474 2455 Id.
499 2423 583 2455 male
601 2422 733 2456 debellz'.
768 2441 809 2447 —
829 2423 843 2444 ‘5
871 2425 921 2456 Et
945 2425 1036 2456 deest
1056 2425 1088 2457 in
1105 2426 1182 2458 Cod.
1212 2443 1253 2448 —
1269 2434 1282 2459 7
1315 2428 1393 2459 Cod.
1430 2436 1463 2460 et

73 2487 215 2510 aeterna.
239 2496 282 2502 —
300 2476 315 2500 8
340 2478 425 2511 Edit.
450 2487 493 2512 et.
521 2497 563 2502 —-
588 2487 603 2511 9
626 2482 745 2511 Desunt
765 2480 794 2512 in
814 2480 895 2511 Edit.
914 2480 1011 2511 verba
1036 2479 1085 2512 ml
1101 2488 1239 2524 tempus.
1259 2499 1300 2504 —
1329 2490 1359 2504 ¹0
1377 2484 1459 2515 Edit.

73 2533 136 2565 sul
150 2536 277 2576 Deum,
293 2535 357 2580 qui
376 2543 487 2567 lumen
509 2547 633 2580 corpus
650 2543 683 2567 et
709 2537 856 2567 animam
876 2547 949 2567 cum
975 2536 1219 2581 luisfivtrihus·
1233 2539 1460 2570 resuscitabit.

75 2607 117 2613 ·-
142 2597 170 2612 ¹¹
184 2591 286 2621 Deest
299 2590 435 2622 verbum
454 2591 531 2623 etin
551 2591 636 2623 Edit.
657 2608 699 2613 -——
714 2598 744 2614 ¹²
770 2592 840 2623 Tria
857 2592 924 2623 haec
949 2591 1050 2623 verba
1068 2592 1098 2623 in
1115 2593 1191 2625 Cod.
1209 2604 1271 2625 non
1295 2594 1458 2636 leguntur.

77 2663 117 2668 —-
135 2643 165 2667 ¹3
180 2646 263 2677 Edit.
280 2646 346 2678 itis.
363 2664 405 2670 -—
426 2645 457 2676 ¹4
482 2646 566 2679 Edit.
583 2647 697 2689 igitur.
726 2664 767 2670 *-
788 2646 819 2670 ¹5
838 2648 920 2679 Edit,
938 2655 1100 2679 mvtzatus.
