1803 3276
363 226 446 265 226
799 238 831 264 s.
869 235 1096 263 aucusnm
1129 236 1312 263 El’lscol‘l

359 302 580 360 Scriptura
606 301 686 354 ait,
716 319 736 342 «
766 300 957 344 Praebuit
978 316 1021 344 sc
1043 300 1182 360 ipsum
1201 301 1351 344 vivum
1378 310 1475 360 post
1504 302 1746 360 passionem

360 390 380 413 »
415 388 538 416 suam
562 372 605 416 in
628 370 775 416 multis
797 372 1062 429 argumentis
1087 388 1163 432 per
1187 371 1277 416 dics
1299 370 1587 432 quachnginta
1611 386 1747 431 appa-

358 463 379 486 »
415 460 511 489 rens
529 444 588 488 eis
609 455 652 490 ct
673 446 856 505 loquens
879 443 933 487 dc
956 459 1089 502 regno
1107 443 1181 488 Dei
1194 445 1278 502 (a).
1299 461 1318 484 »
1335 446 1500 502 Etpost
1517 458 1690 486 crucem
1706 450 1749 486 01

351 525 555 572 mortem,
572 527 807 576 antequam
822 515 866 558 in
878 513 1043 559 coelum
1058 513 1324 568 ascenderet,
1341 513 1592 558 hominibus
1604 513 1649 556 in
1663 522 1748 557 ter-

351 587 406 631 ris
420 587 536 632 visus
556 586 759 647 apparuit
777 601 853 646 per
879 586 957 630 hos
983 584 1072 630 dics
1088 584 1393 646 quadraginta,
1410 600 1519 645 quos
1534 600 1554 628 a
1570 584 1747 628 Paschae

352 658 529 704 exordio
559 675 699 720 usque
726 658 773 702 in
797 658 915 702 hunc
938 657 1053 702 diem
1077 655 1318 701 remissioni
1341 665 1500 700 nostrae
1523 655 1746 711 dedimus,

348 731 451 791 quia
478 740 651 790 tempus
675 729 759 774 fuit
778 728 966 785 lsctitiae,
1004 745 1095 773 non
1129 727 1328 772 moeroris
1350 747 1359 772 ε
1381 726 1548 772 dixerat
1569 742 1672 772 sane
1707 735 1751 770 et

350 800 468 862 ipse:
514 822 534 846 «
564 799 794 864 Numquid
830 810 1012 862 possunt
1046 799 1123 845 filii
1160 800 1305 860 sponsi
1329 800 1527 861 jejunare
1550 798 1750 860 quandiu

348 891 372 916 »
405 873 615 919 cumillis
637 884 703 919 est
725 889 909 934 sponsus
924 871 1022 929 (b)?
1054 890 1075 914 »
1115 874 1204 917 Hos
1227 870 1319 916 dies
1342 887 1445 916 011111
1477 870 1748 931 implesset¹,

347 954 455 992 tunc
477 945 644 1007 palam,
674 966 695 991 «
720 945 985 992 videntibus
1007 943 1278 999 hominibus,
1303 944 1350 988 in
1371 942 1535 989 coelum
1558 942 1753 988 elevatus

351 1035 374 1059 »
407 1027 493 1074 est,
519 1027 563 1063 et
585 1018 724 1063 nubes
753 1018 943 1079 suscepit
964 1033 1065 1062 eum
1089 1017 1144 1061 ab
1167 1015 1305 1061 0011113
1329 1031 1482 1061 eorum
1498 1017 1577 1074 (0).
1613 1033 1634 1056 »
1659 1017 1754 1060 Au-

302 1112 312 1120 ·
348 1087 441 1134 diat
461 1090 546 1136 hoe
567 1093 592 1136 J
597 1091 772 1146 udaeus,
797 1090 948 1135 audiat
968 1087 1355 1149 confundaturque
1372 1086 1568 1133 Gentih's.
1597 1086 1641 1132 Si
1655 1085 1753 1130 irri-

346 1160 454 1206 dent
467 1178 695 1208 ascensum
717 1163 763 1207 in
782 1178 974 1218 crucem,
990 1161 1173 1206 audiant
1195 1175 1422 1205 ascensum
1443 1159 1489 1203 in
1507 1157 1688 1204 coelum.
1709 1158 1752 1204 Si

346 1233 562 1293 objiciunt
578 1233 873 1279 humilitatem
890 1233 1025 1289 illam,
1043 1232 1128 1277 diei
1147 1232 1278 1292 hujus
1294 1230 1476 1276 audiant
1491 1230 1747 1275 claritatem.

344 1306 403 1351 Et
424 1314 521 1365 post
544 1306 667 1351 haec:
696 1326 717 1349 «
743 1308 881 1361 Eece,
906 1304 1073 1365 inquit,
1099 1302 1180 1349 viri
1212 1302 1302 1348 duo
1325 1303 1558 1347 astiterunt
1582 1301 1628 1346 in
1651 1317 1751 1347 ves-

346 1393 368 1418 »
402 1376 519 1422 tibus
550 1376 682 1434 albis,
708 1377 785 1438 qui
807 1386 852 1421 et
873 1375 1107 1422 dixerunt:
1135 1374 1227 1419 Viri
1247 1372 1442 1430 Galilaei,
1479 1372 1590 1434 quid
1627 1373 1749 1418 statis

346 1463 370 1489 n
405 1448 658 1509 aspicientes
681 1449 726 1493 in
748 1448 944 1494 coelum?
967 1447 1048 1493 Hic
1071 1449 1212 1502 Jesus,
1247 1445 1325 1507 qui
1346 1454 1594 1506 assumptus
1629 1453 1694 1490 est
1728 1460 1753 1489 a

346 1536 370 1562 »
402 1521 527 1567 vobis
547 1522 594 1567 in
610 1521 791 1578 coelum,
811 1524 873 1568 sic
893 1521 1041 1567 veniet
1061 1518 1439 1581 quemadmodum
1459 1517 1629 1563 vidistis
1650 1531 1753 1562 eum

345 1608 368 1634 »
403 1603 582 1638 euntem
603 1594 650 1638 111
671 1593 837 1640 coelum
850 1592 936 1653 (cl).
957 1614 976 1635 »
994 1595 1112 1653 Ergo
1126 1607 1228 1637 011111
1244 1591 1448 1636 universa
1463 1588 1746 1651 complesset,

343 1675 524 1726 propter
553 1683 656 1728 quae
686 1666 734 1711 in
769 1674 883 1711 terra
918 1664 1229 1721 descenderat,
1261 1679 1548 1724 reversusque
1573 1670 1685 1707 esset
1705 1661 1754 1706 in

342 1737 532 1794 coelum,
555 1738 785 1783 astiterunt
817 1737 962 1783 subito
994 1737 1072 1799 qui
1095 1737 1413 1782 confirmarent
1436 1733 1661 1791 videntes,
1695 1747 1752 1778 ne

340 1806 456 1855 forte
491 1811 751 1872 phantasma
790 1819 1042 1872 putaretur,
1077 1819 1128 1855 ut
1150 1825 1243 1855 non
1270 1808 1415 1854 solum
1447 1823 1527 1869 per
1544 1823 1618 1853 eos
1640 1821 1751 1852 con-

343 1890 576 1928 testaretur
606 1899 808 1929 ascensus
842 1885 958 1945 ejus,
1003 1883 1292 1929 verumetiam
1333 1892 1377 1927 et
1409 1880 1624 1926 adventus
1645 1895 1751 1941 pro-

339 1952 603 2000 mitteretur.
621 1954 746 2000 Idem
764 1956 896 2000 etiam
913 1963 956 1999 et
974 1954 1203 2015 Evangelii
1222 1954 1354 1998 lectio
1369 1953 1552 1998 decursa
1567 1960 1752 1997 testatur

338 2026 515 2074 dicens:
542 2048 564 2072 «
599 2031 658 2073 Et
679 2027 847 2073 sactum
869 2037 954 2084 est,
985 2028 1095 2072 dum
1130 2026 1411 2072 benediceret
1436 2024 1547 2082 illis,
1574 2023 1752 2070 recessit

343 2117 364 2142 »
399 2100 455 2144 ab
474 2101 547 2156 eis,
565 2109 609 2146 et
624 2100 848 2145 terebatur
865 2101 911 2144 in
933 2098 1114 2155 coelum,
1140 2107 1184 2143 et
1205 2098 1287 2159 ipsi
1308 2097 1543 2143 adorantes
1567 2095 1749 2156 regressi

344 2189 366 2214 1)
401 2171 566 2217 suntin
595 2171 837 2217 Jerusalem
858 2187 960 2216 cum
983 2170 1144 2231 gaudio
1166 2185 1326 2229 magno
1345 2171 1410 2229 (e)
1433 2190 1445 2227 3
1468 2187 1488 2212 »
1512 2169 1634 2230 quod
1657 2165 1752 2214 Sal-

340 2253 464 2290 vator
501 2253 648 2289 noster
681 2242 937 2288 humiliatus
970 2251 1034 2287 est
1066 2251 1247 2303 propter
1280 2258 1382 2298 nos,
1414 2240 1548 2286 hodie
1596 2249 1640 2285 et
1669 2255 1749 2302 pro

340 2316 466 2362 nobis
494 2315 753 2361 clarificatus
783 2319 887 2361 est2.
920 2317 1109 2361 Carnem
1144 2314 1263 2359 enim
1292 2322 1506 2369 nostram,
1532 2328 1668 2374 quam
1704 2312 1750 2356 in

342 2396 458 2435 terra
480 2397 545 2433 est
570 2388 776 2448 dignatus
800 2402 1040 2443 assumere,
1064 2384 1198 2431 hodie
1231 2386 1367 2431 ctiam
1397 2386 1444 2430 111
1478 2384 1644 2430 eoelum
1673 2398 1745 2428 re·-

387 2498 436 2542 (α)
455 2501 528 2532 Act.
552 2510 583 2541 1,
602 2499 633 2533 3.
654 2516 696 2522 -
719 2499 762 2541 (b)
781 2498 894 2532 Matth.
915 2509 968 2541 ix,
991 2498 1041 2532 15.
1064 2513 1106 2521 -·
1130 2495 1175 2538 (c)
1195 2499 1264 2530 Act.
1291 2508 1322 2539 1,
1340 2508 1376 2540 9.
1398 2513 1428 2520 —-
1464 2494 1514 2538 (d)
1566 2494 1648 2528 Ibid.
1669 2506 1749 2528 11.—

349 2573 390 2579 -
414 2556 456 2597 (e)
471 2557 547 2588 Luc.
570 2566 662 2595 xxiv,
679 2554 718 2597 5,
744 2555 798 2588 52.

394 2633 401 2648 ¹
421 2626 496 2657 Vide
514 2627 616 2657 Sei-in.
636 2636 745 2665 nctxv,
773 2636 802 2656 11.
829 2636 855 2656 1.
880 2641 918 2645 --
948 2630 958 2645 ²
980 2622 1060 2655 lbid.
1083 2633 1112 2656 n.
1133 2625 1163 2655 S.
