1803 3276
326 276 409 313 372
681 288 713 314 S.
752 289 980 316 Ascuswm
1017 287 1193 312 E1¹15COP1
1230 286 1454 311 At‘t’tilxmx.

326 364 345 386 ι)
372 352 532 397 ogi-ossio
552 353 602 401 (a)
617 366 635 387 »
652 354 779 390 tribuit
801 355 910 389 matri
934 353 1075 396 Virgini
1095 351 1235 396 grande
1249 362 1396 391 munus,
1419 353 1508 386 dum
1526 357 1637 397 partu
1657 352 1709 386 iu-

325 416 447 446 tactus
465 411 577 456 ipsius
602 414 803 457 permansit
823 412 945 455 alvus,
970 418 1004 447 ct
1026 422 1142 456 usquc
1161 411 1207 445 ad
1227 409 1339 445 ssucni
1360 410 1482 446 saeculi
1505 409 1620 456 Virgo
1644 421 1710 455 ap-

326 470 487 516 pellatur
503 470 536 505 iu
556 472 740 515 gentibus.

373 529 425 563 ll.
451 529 616 574 l‘ergcns
639 530 765 575 itaque
789 540 918 574 gressu
944 530 1042 564 inter
1062 529 1230 575 proprias
1249 534 1445 563 creaturas
1471 528 1549 574 ipse
1568 528 1630 573 qui
1645 539 1713 574 pro

324 586 467 623 delictis
491 589 628 623 nostris
645 598 748 623 suam
777 588 948 634 opposuit
977 588 1176 630 aniinaiw,
1197 592 1233 621 et
1261 586 1448 622 immensis
1465 586 1607 632 pollens
1628 598 1714 633 pro-

326 646 450 692 digiis,
469 647 590 682 visum
609 647 773 682 reddidit
794 647 915 689 emt-is,
939 647 1101 682 emicans
1126 647 1161 680 in
1184 645 1323 681 sanctis
1341 645 1584 690 mirabilibus,
1605 656 1715 682 cura-

327 706 436 741 tionis
458 707 647 742 salubrcm
665 705 849 741 medelam
863 705 1007 741 cunctis
1021 705 1153 741 tribuit
1171 707 1452 749 aegrotantibus.
1468 705 1543 741 Per
1560 705 1632 741 hoc
1657 707 1718 741 dc-

327 764 438 810 nique
450 764 830 807 sanctitatis‚donum,
846 764 1109 809 Lazarunijam
1123 763 1290 799 soetidum
1302 765 1430 799 vivum
1443 764 1560 800 verbo
1571 764 1718 801 vocavit

327 823 374 858 de
394 823 532 868 speleo,
553 832 661 858 omne
687 833 756 869 per
774 823 923 859 culmen
942 822 997 856 sui
1015 821 1175 857 nominis
1194 821 1333 858 sacicns
1354 822 1521 868 prodigia
1541 822 1577 856 in
1594 832 1717 869 popu—

325 881 380 917 lis.
399 895 416 914 «
434 883 633 918 Acuerunt
655 882 835 917 adversus
856 892 942 917 eum
960 881 1118 925 linguas,
1138 886 1316 926 tanquam
1336 886 1530 927 serpentes
1552 880 1611 928 (b),
1629 890 1650 914 »
1671 881 1719 916 ita

328 946 369 976 ut
389 941 575 986 erigentes
591 941 712 987 lignea
731 941 855 976 crucis
868 941 1030 985 virgulta
1042 969 1052 983 ,
1070 941 1186 975 Esa'ice
1203 941 1405 985 adimpleta
1419 940 1490 975 sint
1503 940 1719 979 vaticinia2;

327 1000 379 1035 sic
401 999 499 1035 enim
517 998 556 1035 in
574 998 768 1035 Dominica
795 1000 933 1034 clamat
953 1009 1114 1046 persona
1135 1008 1144 1033 ε
1164 1010 1183 1033 α
1196 999 1312 1034 Yinea
1332 1000 1430 1034 sacta
1449 1003 1503 1034 est
1522 998 1667 1035 Dilecto
1685 998 1721 1033 in

327 1072 345 1092 »
375 1059 546 1095 cornuin
563 1058 646 1094 loco
661 1058 781 1101 uberi,
798 1063 834 1093 et
854 1059 1022 1093 torcular
1037 1057 1125 1102 sodi,
1141 1064 1177 1093 et
1193 1057 1377 1094 novellam
1393 1058 1570 1104 plantavi,
1586 1062 1624 1092 et
1643 1067 1720 1092 sus-

328 1128 348 1151 »
375 1118 466 1153 tinui
481 1123 522 1153 ut
538 1116 677 1153 faceret
697 1127 820 1158 uvam,
840 1116 930 1152 fecit
951 1121 1076 1152 autem
1098 1117 1217 1162 spinas
1235 1115 1291 1163 (c).
1307 1130 1324 1149 »
1347 1116 1517 1164 Denique
1539 1126 1626 1152 curn
1644 1117 1720 1162 ipse

328 1177 509 1212 Dominus
526 1181 656 1212 noster
674 1176 782 1211 Jcsus
796 1175 978 1216 Christus,
995 1186 1063 1221 per
1081 1186 1186 1210 suam
1205 1181 1381 1221 mortem,
1396 1181 1575 1212 aeternam
1591 1175 1722 1211 morti-

330 1236 462 1271 ficaret
476 1241 651 1277 mortem,
671 1241 708 1271 et
724 1244 793 1280 per
818 1244 972 1270 crucem
988 1234 1200 1280 despiceret
1217 1235 1521 1280 corruptionem,
1537 1234 1723 1270 infernum

328 1295 614 1341 praedamnavit,
629 1294 826 1330 noxiorum
845 1294 994 1331 vincula
1012 1293 1170 1339 imperio
1185 1293 1312 1335 solvit,
1325 1299 1360 1328 et
1380 1294 1439 1329 die
1457 1294 1568 1329 tertio
1585 1304 1604 1329 a
1623 1304 1723 1328 rnor-

329 1355 403 1390 tuis
420 1355 647 1399 resurrexit,
671 1369 687 1388 «
706 1355 868 1400 Propter
888 1354 990 1400 quod
1010 1359 1045 1389 et
1066 1354 1166 1389 Deus
1184 1353 1285 1388 illum
1307 1354 1601 1399 superexaltavit
1622 1353 1687 1401 (d).
1705 1364 1725 1386 ))

329 1415 421 1450 Post
439 1424 530 1450 vero
547 1414 641 1450 soles
655 1414 908 1459 quaterdenos
922 1414 968 1448 ad
980 1411 1201 1448 Genitorem
1218 1412 1382 1447 elevatus
1396 1413 1431 1447 in
1445 1412 1564 1454 coelis,
1581 1414 1724 1457 grande

334 1474 540 1510 donationis
563 1483 700 1509 munus
728 1473 839 1508 hodie
865 1473 940 1509 suis
967 1473 1100 1508 tribuit
1127 1471 1341 1518 Discipulis.
1363 1471 1598 1518 Adimplevit
1627 1472 1724 1508 enim

332 1533 432 1579 quod
447 1532 630 1578 promisit,
647 1532 749 1578 quod
769 1538 806 1568 et
822 1532 858 1566 in
877 1531 1051 1579 praesenti
1071 1531 1232 1567 lectione
1247 1530 1483 1575 Evangelista
1508 1532 1696 1567 recensuit
1715 1542 1723 1566 :

337 1606 353 1625 «
382 1591 417 1626 Si
434 1601 493 1626 me
512 1591 734 1637 diligeretis,
755 1591 986 1636 2studeretis,
1014 1590 1148 1635 inquit,
1171 1591 1258 1636 quia
1284 1589 1382 1626 vado
1402 1590 1448 1624 ad
1469 1600 1567 1634 eum,
1586 1590 1650 1634 qui
1668 1600 1727 1625 me

333 1665 361 1689 »⁷
379 1652 479 1687 misit
500 1651 563 1696 (e).
578 1666 595 1684 »
620 1652 740 1687 Prout
758 1652 902 1687 diceret
921 1661 929 1686 z
951 1651 1046 1687 Cum
1067 1650 1195 1686 abiero
1219 1649 1266 1685 ad
1285 1649 1439 1685 Patrem
1459 1649 1565 1695 cujus
1582 1650 1726 1695 perfeci

334 1710 581 1754 voluntatem,
602 1719 688 1745 cum
705 1709 830 1745 abiero
856 1710 899 1745 ad
918 1708 1135 1755 Ingenitum
1161 1719 1232 1754 ego
1251 1707 1490 1754 Unigenitus,
1513 1717 1646 1753 rogans
1661 1718 1726 1743 ro-

332 1770 427 1815 gaho
452 1779 560 1812 eum,
582 1773 619 1804 et
644 1778 712 1815 pro
732 1778 791 1804 me
809 1768 913 1804 vobis
944 1765 1152 1803 vicarium³
1172 1767 1355 1813 Spiritum
1384 1772 1555 1803 sanctum
1587 1766 1729 1811 diriget

332 1829 589 1876 Paraelytum.

382 1888 458 1923 ΙΙΙ.
488 1887 657 1933 Denique
676 1888 864 1924 declarato
883 1888 991 1924 hodie
1015 1886 1321 1932 quinquagesimo
1346 1887 1419 1931 die,
1442 1886 1532 1921 dum
1558 1895 1631 1921 nox
1655 1885 1728 1920 mi-

334 1953 483 1989 nueret,
504 1953 541 1982 et
559 1947 674 1983 solem
701 1953 853 1983 vocaret
872 1948 989 1988 aries,
1010 1952 1051 1982 ut
1073 1946 1392 1991 diesesficeretur
1410 1945 1622 1991 multiplex,
1641 1954 1730 1980 con.-

337 2007 501 2052 gregatis
517 2007 555 2041 in
571 2017 702 2047 unuin,
724 2011 764 2042 ut
779 2006 925 2041 (lictum
941 2010 1012 2047 est,
1030 2004 1232 2050 Apostolis,
1252 2003 1372 2040 induti
1386 2009 1473 2040 sunt
1491 2003 1635 2047 fulgore
1648 2003 1728 2049 Spi-

336 2066 430 2101 ritus
446 2066 577 2109 sancti‚
603 2065 814 2111 repletique
837 2063 992 2098 scientia
1011 2063 1203 2110 Paraclyti
1220 2078 1236 2096 «
1255 2063 1461 2109 Coeperunt
1476 2062 1732 2107 unusquisque

336 2138 353 2156 »
385 2125 487 2159 varia
501 2124 640 2168 lingua,
655 2122 938 2171 sieut·Spiritus
953 2121 1066 2157 dabat
1080 2123 1146 2166 eis,
1162 2123 1262 2168 loqui
1278 2122 1352 2169 (00)
1368 2122 1462 2157 Cum
1481 2131 1571 2167 ergo
1587 2115 1733 2156 univcr-

336 2184 384 2219 sis
416 2183 611 2229 Discipulis
641 2182 938 2218 distribueretur
968 2180 1093 2225 lingua
1119 2181 1222 2216 velut
1252 2182 1350 2227 ignis
1363 2209 1372 2223 ‚
1399 2181 1516 2216 astitit
1548 2180 1668 2215 David
1697 2179 1731 2214 iu

336 2243 459 2278 medio
478 2252 611 2278 eorum
627 2242 776 2289 plectro
798 2242 833 2276 in
855 2241 1000 2276 cithara
1015 2242 1231 2286 percutiens
1253 2241 1482 2283 sanctitatis,
1499 2245 1556 2283 et,
1574 2249 1731 2275 concre-

336 2301 509 2348 pantibus
520 2302 689 2349 hymnis,
706 2302 864 2337 canebat
879 2310 970 2336 'Cum
987 2300 1190 2346 Discipulis
1210 2310 1219 2335 ε
1246 2315 1263 2334 «
1281 2300 1412 2335 Redde
1431 2299 1539 2335 nobis
1567 2298 1731 2334 laetitiani

384 2398 637 2441 (a)Psal.xv1n‚
658 2409 688 2441 7.
705 2416 747 2421 —-
765 2397 1021 2440 (b)td.cxxx1x‚
1038 2397 1068 2439 4.
1093 2415 1134 2420 --
1147 2398 1191 2439 (c)
1209 2400 1280 2431 Isa'i.
1300 2409 1330 2440 1,
1345 2397 1376 2441 4.
1388 2414 1430 2420 --
1445 2393 1493 2439 (d)
1508 2395 1621 2438 Philip.
1642 2406 1682 2437 n,
1697 2406 1730 2438 9.

338 2471 380 2478 --
398 2453 440 2496 (e)
454 2457 533 2488 Joan
566 2465 632 2495 xlv,
649 2455 704 2487 28.
724 2472 766 2477 —
782 2453 855 2496 (s)
873 2457 946 2487 Aet.
968 2465 1008 2497 11,
1028 2454 1060 2497 4.

385 2529 394 2546 ¹
417 2523 495 2556 eod.
518 2533 626 2555 errore
643 2522 813 2555 manifesto
830 2533 896 2565 pro
921 2520 1047 2554 delicta
1064 2529 1183 2554 nostra
1197 2535 1260 2554 sua
1278 2521 1435 2566 opposuit
1450 2521 1604 2553 anima...
1630 2523 1663 2550 et.
1682 2518 1732 2549 in—

337 2579 436 2612 serius
452 2592 458 2612 ι
478 2578 661 2613 Salubre...
683 2578 854 2612 medela...
872 2590 933 2610 sua
946 2586 1066 2610 morte.
1083 2595 1124 2600 —
1139 2585 1151 2600 2
1171 2578 1222 2610 Sic
1241 2578 1369 2619 Codex3
1391 2577 1511 2620 phrasis
1523 2574 1728 2617 incompleta.

339 2637 545 2681 Ενῐςεηισε,
563 2647 620 2679 pro
639 2636 844 2680 erigentibus
863 2635 944 2668 illis.
962 2653 1003 2659 -—
1029 2634 1040 2657 3
1061 2636 1138 2668 Cod.
1166 2635 1395 2668 vicium-inm.
