1803 3276
437 222 574 249 SERMO
606 223 683 250 vn.
721 224 765 250 m
799 223 956 250 ivn-Am
989 226 1145 253 nomm
1180 228 1208 253 1.
1451 217 1506 257 87

121 295 224 331 nata
246 287 336 330 sine
357 287 462 332 vitio
479 287 658 332 humani
686 288 875 343 seminis,
896 288 1126 334 florentem
1147 306 1224 350 per
1241 292 1387 339 omnia
1407 293 1510 355 pul-

121 357 416 403 chritudinem
461 359 619 403 retinet
664 359 891 404 societatis.
941 379 961 403 «
1004 362 1061 405 Et
1096 361 1176 406 flos
1192 396 1203 417 ‚
1239 364 1382 424 inquit
1401 400 1413 421 ‚
1452 365 1510 412 de

125 446 144 470 n
180 427 322 472 radice
349 430 439 489 ejus
462 428 665 477 ascendet
680 464 690 484 ‚
718 438 761 474 et
782 431 1022 491 requiescet
1043 446 1171 491 super
1199 447 1301 477 eum
1325 435 1510 494 Spiritus

123 517 145 542 »
176 499 349 544 Domini
363 501 448 558 (a).
470 517 489 541 »
509 502 647 559 Super
659 503 820 560 quem?
845 501 1018 547 Scilicet
1035 517 1165 562 super
1181 503 1350 548 florem.
1371 523 1390 547 α
1413 507 1512 567 Spi-

124 586 145 611 »
181 569 287 613 ritus
307 569 529 629 sapientiae
541 578 584 613 et
599 570 860 629 intellectus,
882 572 1066 632 Spiritus
1089 572 1255 618 consilii
1276 583 1320 618 et
1332 573 1510 620 fortitu-

123 656 142 680 »
178 638 313 695 djniS‚
342 640 526 699 Spiritus
559 641 749 686 scientiae
772 652 816 688 et
846 643 1042 703 pietatis,
1071 652 1115 688 et
1139 644 1322 704 Spiritus
1344 646 1509 691 timoris

122 727 142 751 »
177 710 352 758 Domini
370 711 553 771 replevit
564 727 680 757 eum.
697 715 794 758 Non
815 714 1058 759 secundum
1076 714 1256 772 gloriam
1273 715 1506 777 judicabit,

120 798 142 824 »
177 797 320 843 neque
352 782 595 831 secundum
630 784 852 846 loquelam
892 785 1150 846 redarguet,
1183 787 1259 833 sed
1292 789 1510 849 judicabit

120 870 141 894 »
175 851 332 897 humili
350 853 534 914 judicio,
561 863 605 899 et
625 854 856 915 redarguet
884 857 1090 916 gloriosos
1108 867 1250 902 terrae.
1271 861 1327 903 Et
1348 874 1507 919 percu-

119 941 140 965 »
171 923 250 968 tiet
272 933 431 969 terram
452 926 588 970 verbo
602 926 686 971 oris
699 928 782 982 sui,
808 936 852 972 et
872 928 1026 987 spiritu
1047 943 1124 988 per
1139 927 1256 973 labia
1277 929 1509 976 interficiet

118 1011 140 1036 »
174 994 383 1055 impium3
414 996 583 1057 eritque
614 997 782 1057 justitia
816 998 1078 1058 praecinctus
1109 998 1286 1044 lumbos
1312 1015 1427 1056 suos⁷
1460 1011 1508 1049 et

117 1082 138 1108 »
172 1065 352 1111 veritate
370 1066 595 1112 involutus
609 1066 744 1113 latera
761 1068 844 1128 (b).
873 1088 892 1112 n
911 1073 968 1115 Et
988 1070 1121 1131 paulo
1133 1079 1234 1131 post
1258 1090 1269 1117 ε
1292 1090 1314 1115 ι(
1337 1074 1395 1117 Et
1406 1073 1504 1129 erit,

116 1153 138 1177 »
172 1136 331 1198 inquit,
361 1138 408 1182 in
428 1137 503 1182 illa
525 1137 596 1183 die
619 1138 742 1185 radix
765 1142 903 1196 Jesse,
928 1151 971 1186 et
1004 1142 1083 1202 qui
1105 1150 1284 1202 exurget
1304 1143 1507 1204 princeps

115 1225 136 1249 »
171 1223 261 1252 esse
283 1209 502 1268 gentium,
528 1219 572 1253 et
601 1210 646 1254 in
671 1211 848 1256 nomine
876 1213 969 1272 ejus
1001 1228 1151 1257 omnes
1185 1223 1333 1273 gentes
1358 1230 1507 1275 spera-

115 1296 136 1322 »
170 1279 285 1324 bunt
299 1282 378 1339 (c).
406 1281 797 1341 »Ossoremregem
814 1282 1255 1344 lOssoremjudiccm!
1272 1285 1394 1331 Sicut
1405 1301 1507 1345 ergo

111 1349 228 1407 virga
245 1348 334 1405 illa,
352 1366 443 1395 non
459 1351 580 1410 virga
597 1387 606 1406 ‚
628 1351 704 1396 sed
716 1353 850 1412 Virgo
865 1363 944 1408 est,
959 1354 1018 1398 sic
1031 1363 1074 1398 et
1087 1354 1167 1398 flos
1188 1353 1262 1398 ille
1277 1388 1288 1410 ‚
1314 1370 1404 1401 non
1427 1357 1508 1403 flos

110 1420 255 1479 virgae,
267 1420 344 1465 sed
355 1437 455 1466 caro
466 1425 660 1475 est.Quae
674 1423 827 1468 florem
840 1423 1020 1483 quidem
1031 1424 1215 1484 peperit,
1229 1434 1272 1469 et
1285 1441 1335 1469 ex
1350 1441 1509 1486 genere

107 1493 250 1537 earnis
272 1507 448 1537 carnem
471 1494 612 1537 emisit
639 1512 648 1539 :
675 1493 751 1538 sed
774 1494 989 1554 originem
1003 1496 1171 1555 peccati
1192 1495 1265 1541 illa
1287 1499 1509 1555 generatio

108 1579 200 1609 non
219 1564 404 1623 habuit3
427 1565 530 1626 quia
547 1581 637 1609 non
661 1581 713 1609 ex
733 1566 814 1610 viri
831 1567 995 1611 semiue
1013 1576 1141 1612 natus
1162 1568 1303 1613 extitit
1320 1604 1330 1624 ,
1355 1570 1432 1614 sed
1452 1570 1510 1616 de

110 1634 274 1695 Spiritu
293 1644 442 1680 sancto
464 1645 702 1696 conceptus
724 1636 868 1681 exivit.
894 1637 1027 1696 Virga
1049 1653 1150 1696 ergo
1170 1638 1266 1694 ista,
1287 1639 1421 1699 Virgo
1443 1650 1509 1686 est

107 1703 346 1764 designata.
372 1706 502 1764 Virga
523 1720 628 1765 ergo
649 1707 810 1766 potuit,
835 1717 886 1752 ut
907 1707 1109 1763 diximus,
1134 1709 1226 1753 sine
1249 1710 1412 1754 semine
1432 1726 1508 1771 pa·-

107 1790 216 1832 rere,
242 1776 377 1836 Virgo
398 1793 488 1822 non
509 1778 655 1837 potuit
675 1779 767 1823 sine
788 1779 869 1823 viri
891 1779 1072 1835 semine,
1098 1780 1351 1842 incorrupta
1372 1796 1504 1841 gene-

106 1849 231 1893 rare?
256 1849 341 1893 Sed
365 1847 751 1910 illud,‘inquiunt,
777 1849 881 1896 fecit
903 1851 1050 1896 divina
1078 1853 1288 1912 potentia.
1310 1855 1367 1898 Et
1388 1853 1504 1900 istud

104 1917 300 1963 similiter
322 1919 468 1964 divina
491 1929 555 1964 est
575 1930 752 1980 operata
773 1921 1007 1981 prudentia
1035 1941 1043 1966 :
1068 1921 1142 1966 illa
1159 1923 1317 1984 quaein
1335 1938 1379 1968 se
1392 1939 1503 1970 con-

105 1989 264 2034 tineret
290 1990 553 2049 imaginem,
585 1992 681 2036 haec
711 2008 811 2052 quae
841 1991 1081 2052 perlectam
1112 1993 1339 2039 exhiberet
1365 1992 1504 2040 divini

105 2060 246 2119 operis
266 2060 508 2106 veritatem.

164 2132 304 2176 XXV.
338 2131 455 2176 Audi
478 2131 598 2177 aliud
617 2134 756 2194 majus
787 2142 832 2177 et
863 2133 1019 2179 fortius
1040 2133 1359 2181 documentum
1381 2137 1503 2197 quod

105 2201 160 2246 de
194 2201 421 2246 Ezechiele
465 2203 680 2263 propheta
713 2205 994 2264 monstrabo3
1035 2205 1157 2267 quod
1188 2208 1409 2267 praeterita
1429 2207 1502 2253 die

105 2272 324 2317 dominica
358 2270 604 2319 lectitatum
636 2284 727 2331 est,
777 2284 822 2319 et
855 2275 953 2321 ideo
982 2277 1137 2321 exinde
1161 2277 1328 2338 aliquid
1357 2278 1501 2324 dicere

105 2345 386 2404 praetermisi,
436 2354 486 2390 ut
532 2346 635 2392 huic
674 2341 760 2391 diei
797 2348 1056 2393 sacramenti
1098 2349 1310 2409 expositio
1351 2365 1498 2395 serva-

105 2424 240 2460 retur.
278 2434 299 2458 «
331 2418 391 2461 Et
417 2418 612 2462 converti
633 2433 703 2462 me
720 2453 731 2474 ,
758 2418 900 2479 inquit
916 2455 926 2475 ,
951 2419 1196 2465 secundum
1224 2430 1395 2481 portam
1415 2422 1498 2468 viae

110 2504 132 2527 ³)
165 2496 415 2532 sanctorum
439 2489 656 2534 exterioris
679 2505 779 2551 quce
806 2490 957 2551 aspicit
980 2490 1036 2537 ad
1052 2491 1300 2549 Orientem,
1329 2502 1373 2538 et
1404 2493 1495 2554 ipsa

150 2583 198 2626 (a)
215 2584 284 2633 isai.
308 2583 354 2629 xi,
375 2594 454 2620 2.-
473 2586 517 2629 (12)
535 2586 618 2640 ibn.
639 2586 762 2638 2552-
784 2587 829 2630 (ci
847 2587 927 2628 ibid.
952 2599 1004 2623 10.
