1803 3276
313 231 452 262 SERMO
484 234 580 263 vul.
617 234 660 262 IN
694 231 850 263 NATA-LI
882 235 1042 264 DOMINI
1075 237 1123 263 11.
1347 230 1397 271 91

5 489 35 523 tt
223 491 227 494 ·
512 471 729 519 SBRMO
769 471 912 520 VIII.

2 852 19 882 H]

474 606 527 649 In
548 602 689 650 Natali
710 603 884 650 Domini
907 606 965 650 II.

81 728 180 786 ῌιό
202 742 361 781 ‚sermo
388 743 455 773 ex·
472 726 650 774 Codice
673 729 811 776 Cass.
837 746 899 775 xn
910 764 925 788 ,
952 746 999 775 η.
1022 736 1071 787 2,
1099 727 1410 792 depromptus

18 814 20 819 ’
49 817 75 866 ,ᾳ
87 813 184 859 quo
203 807 352 849 totum
372 807 458 851 aut
473 798 592 862 fere
611 809 759 847 totum
779 799 831 848 S.
855 802 1131 863 Augustino
1166 800 1407 859 tribuitur,

55 885 185 927 mnes
212 878 355 916 notas
401 867 783 916 authenticitatis
809 870 1007 934 colligit.
1039 872 1196 918 Locus
1229 873 1331 935 ejus
1363 875 1411 918 in

53 938 228 998 -ιῇρἰηβ
241 938 671 991 Benedictc'norum
697 950 810 1002 post
820 940 1172 1003 praecedentem
1194 958 1303 988 eum
1322 959 1411 989 ηα-

569 1159 862 1207 SYNOPSIS.

0 1296 2 1301 ’
61 1283 101 1332 ,1,
120 1283 393 1331 Investigabilis
408 1282 589 1322 Nativitas
601 1284 752 1320 Christi.
768 1284 819 1320 ΙΙ.
839 1283 1058 1329 Exagitatur
1070 1284 1091 1319 J
1095 1285 1190 1321 udaei
1208 1283 1411 1329 dubitantis

41 1341 208 1390 inpietas.
226 1341 300 1377 III.
318 1342 401 1389 Ipse
419 1342 525 1381 Filius
543 1343 611 1378 Dei
629 1343 666 1378 in
684 1342 756 1378 fine
774 1348 989 1389 temporum
1008 1344 1108 1379 vonit
1127 1344 1328 1389 legislator.

73 1437 108 1487 I.
121 1436 317 1485 anns
326 1435 580 1492 charissimi,
597 1444 814 1496 quantum
825 1436 1083 1496 magnitudo
1093 1436 1288 1483 salutaris
1298 1452 1413 1496 mys-

36 1505 141 1568 erii2
158 1513 203 1551 et
223 1505 454 1550 dominicae
474 1506 717 1552 Nativitatis
740 1507 903 1566 expetit
924 1517 1242 1552 sacramentum
1259 1544 1269 1564 ‚
1289 1507 1412 1553 nulla

34 1575 305 1631 humanitatis
341 1575 552 1637 obsequia
571 1611 582 1633 ,
618 1577 837 1637 praeconia
877 1576 998 1622 nulla
1033 1578 1273 1623 sufficiunt.
1303 1581 1412 1632 Quae

32 1647 138 1702 enim
159 1655 282 1691 tanto
309 1647 507 1704 muneri,
546 1655 770 1708 tantaeque
791 1648 940 1705 gratiae
973 1648 1216 1693 devotionis
1254 1658 1413 1694 nostrae

30 1717 250 1773 infirmitas
266 1717 563 1777 respondebit,
580 1718 658 1763 ubi
677 1718 936 1778 Unigenitus
956 1719 1151 1765 altissimi
1161 1720 1298 1764 Patris
1311 1735 1413 1765 cum

28 1791 151 1844 Ratre
187 1789 430 1834 aeternitate
470 1798 709 1850 perpetuus
724 1823 736 1845 ,
766 1788 881 1835 coelo
898 1824 909 1845 ‚
953 1791 1078 1834 terris
1092 1824 1104 1845 ,
1142 1788 1414 1850 infernisque

27 1858 239 1920 terribilis,
257 1875 337 1921 pro
351 1859 491 1904 salute
506 1859 696 1905 hominis
709 1860 890 1905 humani
904 1861 1096 1921 corporis
1111 1860 1252 1905 voluit
1267 1860 1415 1906 subire

26 1931 319 1989 consortium?
340 1939 416 1976 aut
439 1947 540 1992 quae
565 1930 716 1990 lingua
743 1946 945 1976 enarrare
967 1931 1144 1991 poterit,
1169 1932 1290 1991 quod
1313 1947 1415 1976 usus

29 2001 283 2064 investigare
319 2018 410 2048 non
431 2001 668 2063 praevalet?
690 2002 797 2056 Quis
821 2017 925 2046 vero
948 2002 1178 2047 hominum
1199 2001 1311 2046 illud
1331 2018 1414 2046 aes-

27 2072 178 2132 timare
199 2072 432 2118 conabitur
447 2107 458 2128 ,
482 2072 530 2116 in
550 2088 639 2132 quo
661 2072 776 2117 solus
798 2072 880 2117 sibi
904 2082 968 2117 est
990 2075 1105 2117 Deus
1130 2082 1175 2117 et
1197 2082 1350 2117 auctor
1372 2082 1416 2116 et

25 2145 240 2200 conscius?
246 2147 408 2194 «Nemo
418 2145 534 2189 enim
544 2144 664 2190 novit
672 2143 835 2189 Filium
847 2144 929 2189 nisi
938 2147 1147 2200 Pater(a).
1157 2144 1416 2198 »Quomodo

29 2224 171 2281 potest
193 2215 250 2261 ad
269 2225 485 2261 secretum
506 2215 711 2275 virgineae
731 2215 977 2261 Nativitatis
999 2224 1205 2275 corrupta
1231 2216 1416 2275 peccatis

25 2287 255 2333 hominum
283 2286 492 2347 fragilitas
514 2287 767 2347 pervenire?
795 2286 996 2333 Nascitur
1016 2287 1165 2347 itaque
1181 2322 1192 2342 ‚
1225 2287 1416 2331 nascitur

33 2358 230 2408 Christus
251 2374 342 2406 non
363 2358 618 2403 necessitate
633 2356 838 2414 vivendi,
855 2357 931 2402 sed
951 2356 1178 2402 voluntate
1202 2355 1412 2402 salvandi.

27 2423 226 2484 Nascitur
254 2424 370 2474 inter
400 2438 622 2485 mortuos,
663 2428 740 2490 qui
765 2429 901 2474 vitam
928 2428 1065 2474 donat
1097 2427 1293 2473 mortuis.
1327 2429 1415 2473 Nec

29 2497 281 2549 dubitemus
304 2500 509 2546 effectum
526 2535 539 2557 ,
563 2498 684 2562 quod
700 2498 906 2546 futurum
936 2500 1255 2560 Prophetarum
1278 2498 1416 2544 maxi-

0 2617 1 2626 *
72 2583 252 2626 (a)Ma[tl1.
274 2595 327 2626 xi,
352 2595 406 2627 27.
