1803 3276
326 172 412 215 270
763 183 797 209 s.
834 177 1066 209 Arous‘nm
1098 179 1283 208 EPISCOPI

330 275 350 298 «
388 255 513 311 Sine3
544 267 663 298 nunc
686 267 760 298 vas
783 251 1006 297 electionis
1029 261 1093 296 est
1116 251 1224 295 mihi
1246 251 1381 295 homo
1410 249 1490 295 iste
1505 285 1516 307 ,
1543 259 1594 295 ut
1614 264 1720 311 por·
1786 247 1787 250 ’

329 345 350 368 »
385 335 449 371 tet
487 341 649 370 nomen
670 340 816 368 meum
841 338 987 368 coram
1010 322 1227 367 Gentibus
1247 331 1291 366 ct
1318 321 1509 381 regibus.
1540 317 1637 380 Ego
1658 320 1723 364 illi

329 416 349 439 »
386 397 614 442 ostendam
632 413 731 458 quse
749 394 874 439 illum
894 404 1093 455 oporteat
1111 410 1190 455 pro
1208 394 1387 439 nomine
1410 409 1508 438 meo
1525 393 1616 453 pati
1633 394 1719 451 (a).
1778 426 1787 452 4

330 488 350 511 »
387 473 481 529 Ego
504 469 566 513 illi
594 467 865 514 ostenclam'1.
895 485 915 509 η
945 469 1039 512 Vox
1068 476 1132 512 est
1153 466 1383 521 minantis,
1415 464 1492 511 scd
1517 479 1725 510 coronam
1780 466 1783 515 ss

327 542 532 604 parantis.
563 541 760 601 Denique
794 539 867 584 ille
902 538 1041 585 factus
1066 556 1117 584 ex
1144 548 1423 599 persecutore
1444 538 1722 599 praedicator,
1784 536 1794 599 ᾖ

327 631 426 677 quac
451 613 681 659 sustinuit?
723 632 743 655 «
772 612 980 657 Periculis
1003 613 1048 656 in
1070 611 1200 667 mari,
1237 610 1441 671 periculis
1466 612 1508 655 in
1527 610 1726 655 flumini-
1786 606 1794 659 ’,ἶ

330 706 351 728 »
389 688 493 741 bus,
529 683 735 745 periculis
768 683 813 727 in
845 684 1041 739 civitate,
1079 683 1282 744 perieulis
1315 684 1361 727 in
1383 682 1576 739 deserto,
1607 682 1726 744 peri-
1788 676 1789 714 ἶ

331 777 351 801 n
387 758 496 803 culis
522 757 567 801 in
592 756 712 802 falsis
736 755 970 815 fratribus,
997 757 1043 800 in
1066 756 1217 801 labore
1237 765 1279 801 ct
1299 771 1518 811 aerumna,
1547 755 1594 799 in
1612 754 1727 815 vigi·
1790 764 1792 777 ³

330 849 351 871 »
387 829 453 874 liis
480 827 655 877 multis,
692 828 738 872 in
779 825 895 872 same
929 837 972 872 et
1010 827 1105 883 siti,
1146 828 1191 871 in
1225 827 1401 888 jejuniis
1436 826 1646 882 multis—²,
1682 826 1728 870 in

331 921 352 945 »
387 902 548 961 frigore
571 911 613 946 et
638 900 859 957 nuditate,
884 901 929 944 in
950 901 1165 946 mortibus
1188 916 1325 960 seepe3
1351 909 1510 960 praeter
1532 898 1604 943 illa
1627 914 1727 959 quae

331 992 341 1015 >
389 973 654 1018 extrinsecus
677 982 806 1027 sunt,
838 973 1037 1018 incursus
1066 978 1112 1017 in
1139 988 1209 1016 me
1233 970 1537 1033 quotidianus,
1567 961 1729 1015 sollici-

390 1044 498 1089 tudo
519 1044 716 1089 omnium
734 1043 1044 1089 Ecclesiaruni.
1063 1044 1168 1098 Quis
1186 1044 1454 1099 infirmatur,
1479 1051 1521 1087 et
1538 1057 1619 1102 ego
1638 1057 1729 1086 non

333 1135 353 1157 ν
389 1116 614 1160 infirmor?
643 1115 740 1177 quis
765 1115 1106 1171 scandalizatur,
1145 1124 1189 1159 et
1224 1131 1305 1174 ego
1342 1130 1433 1160 non
1459 1130 1564 1159 uror
1581 1112 1680 1173 (b)?
1704 1130 1726 1154 η

330 1189 443 1231 Ecce
465 1187 538 1231 ille
565 1196 628 1231 est
650 1195 925 1246 persecutor,
946 1196 1118 1246 patere,
1149 1185 1331 1229 sustine.
1367 1184 1470 1229 Plus
1501 1185 1619 1229 enim
1651 1199 1732 1246 pa-

330 1260 446 1304 tieris
469 1274 602 1320 quam
625 1258 782 1303 fecisti.
818 1257 907 1304 Sed
928 1258 1020 1303 noli
1041 1257 1191 1316 irasci,
1216 1273 1368 1302 usuras
1392 1257 1610 1318 accepisti.
1646 1255 1732 1302 Sed

329 1329 439 1392 quid
473 1329 754 1386 attendebat,
800 1329 979 1391 quando
1010 1329 1113 1374 talia
1148 1328 1420 1374 sustinebat?
1456 1328 1620 1374 Audite
1647 1327 1732 1374 alio

330 1401 429 1447 loco
455 1420 465 1447 ι
494 1420 516 1445 «
540 1401 738 1457 Etenim,
765 1401 910 1463 inquit
926 1437 937 1458 ,
966 1400 1090 1463 quod
1111 1410 1176 1446 est
1197 1400 1293 1447 leve
1314 1398 1613 1446 tribulationis
1635 1414 1734 1445 nos-

334 1491 356 1515 »
391 1482 492 1529 trae,
523 1493 541 1515 »
562 1474 654 1534 jam
678 1481 823 1518 totum
846 1473 930 1518 hoc
949 1472 1069 1530 leve,
1095 1474 1257 1534 quare?
1282 1491 1302 1514 «
1323 1471 1577 1518 Incredibili
1597 1471 1734 1518 modo

336 1563 357 1587 >›
392 1555 608 1590 aeternum
648 1544 797 1604 gloriae
834 1553 1042 1606 operatur
1078 1544 1207 1590 nobis
1243 1543 1448 1606 pondus,
1482 1560 1574 1590 non
1593 1544 1734 1606 respi-

338 1638 357 1660 >›
388 1616 605 1662 cientibus
628 1632 729 1678 quae
750 1615 973 1673 videntur,
999 1616 1077 1662 sed
1098 1632 1198 1678 quae
1219 1632 1312 1662 non
1333 1616 1540 1662 videntur
1553 1617 1585 1661 ³.
1622 1618 1736 1663 Nam

337 1707 358 1731 »
393 1705 494 1751 quse
530 1687 753 1745 videntur,
792 1688 1051 1749 temporalia
1073 1699 1209 1746 sunt,
1245 1704 1346 1750 quae
1377 1697 1526 1734 autem
1550 1704 1642 1734 non
1667 1688 1736 1734 vi-

337 1780 357 1803 »
393 1760 572 1816 dentur,
598 1770 761 1805 aeterna
779 1763 964 1821 sunt(c).
983 1778 1005 1803 >›
1032 1764 1318 1807 AEternorum
1336 1776 1483 1806 amore
1503 1760 1732 1821 flagrabat,

335 1831 513 1894 quando
556 1830 728 1877 fortiter
756 1832 893 1889 mala,
931 1832 1010 1877 etsi
1054 1833 1211 1878 acerba
1251 1842 1295 1878 et
1327 1832 1534 1893 pessima,
1585 1842 1735 1878 tamen

334 1903 614 1965 temporalia,
640 1904 899 1949 sustinebat.
935 1907 1051 1949 Leve
1081 1914 1146 1950 est
1176 1920 1306 1950 omne
1329 1920 1431 1950 cum
1454 1904 1543 1950 fine
1564 1903 1735 1966 suppli-

334 1977 451 2021 cium
467 2012 477 2032 ,
504 1976 583 2020 ubi
606 1976 697 2021 sine
720 1976 808 2020 fine
829 1976 1104 2036 promittitur
1126 1976 1400 2037 praemium4.

396 2051 472 2093 IV.
500 2048 678 2092 Liceat⁵
715 2046 931 2092 audenter
963 2047 1132 2105 dicere,
1165 2051 1337 2092 Fratres
1372 2046 1633 2104 charissimi,
1679 2046 1735 2093 de

336 2118 475 2165 Paulo
498 2118 697 2180 apostolo
715 2154 726 2175 ,
765 2118 945 2180 quando
967 2119 1211 2165 sustinebat
1226 2155 1237 2176 ,
1264 2119 1367 2181 quia
1390 2118 1594 2165 fidelibus
1613 2118 1736 2166 vole-

344 993 352 1014 ν

333 1064 342 1086 )

344 1064 353 1086 ν

381 2265 428 2308 (a)
461 2268 536 2300 Act.
570 2277 619 2309 ix,
661 2266 724 2309 15,
766 2265 819 2300 16.
852 2283 894 2290 —
935 2264 980 2310 (b)
1009 2275 1028 2302 2
1058 2269 1131 2301 Cor.
1167 2278 1224 2310 xi,
1263 2267 1405 2312 26-29.
1438 2284 1480 2292 —
1522 2265 1567 2310 (c)
1600 2267 1647 2302 Id.
1678 2279 1734 2312 iv,

341 2334 394 2367 17,
418 2324 468 2355 13.

386 2398 394 2414 ¹
411 2391 516 2424 Media
546 2403 619 2435 pars
636 2391 733 2434 liujus
758 2396 867 2426 textus
892 2391 924 2425 in
941 2391 1022 2426 Cod.
1048 2402 1098 2425 cix
1118 2403 1184 2425 non
1200 2390 1328 2436 legitur.
1363 2410 1406 2416 —-
1432 2400 1445 2416 ²
1464 2395 1501 2427 In
1521 2392 1634 2426 eodem
1652 2392 1732 2427 eod.

337 2449 561 2482 desiderantur
579 2448 648 2483 lirec
666 2449 767 2482 verba
791 2451 825 2483 ιἰι
839 2450 990 2497 jejuniis
1012 2450 1142 2483 multis.
1176 2467 1219 2472 --
1245 2448 1347 2483 311aec
1363 2449 1472 2483 ultima
1502 2450 1602 2484 verba
1619 2450 1736 2483 desunt

337 2505 369 2538 in
390 2507 468 2538 Cod.
489 2517 550 2538 cix.
577 2523 618 2528 —
643 2505 657 2536 s,
678 2507 738 2540 llic
754 2507 909 2539 dividitur
926 2508 1040 2540 Sermo
1064 2507 1094 2539 in
1122 2508 1203 2540 Cod.
1229 2518 1292 2540 cix.
1325 2507 1416 2547 Quod
1431 2508 1575 2553 sequitur
1599 2507 1734 2542 alterum

338 2561 476 2596 inchoat.
499 2563 530 2596 in
550 2563 663 2596 eodem
679 2563 757 2597 (jod.
778 2575 847 2606 cix,
869 2564 925 2597 sol.
947 2563 1001 2607 44
1021 2581 1063 2587 -
1084 2562 1099 2587 5
1115 2564 1194 2598 eod.
1209 2575 1260 2598 cix
1282 2563 1372 2599 licet.
